2838 4808
469 380 677 447 ...11-

75 577 243 648 tempora
263 557 405 644 attigisse
425 551 613 620 testimoniis
642 561 783 614 veterum
812 549 962 630 evicerit,
985 569 1045 616 sne

73 663 163 723 iure
189 653 301 740 Scalig
302 675 397 719 erana
412 643 736 728 11111Θεόπομποςό
757 650 839 722 Χιος
859 645 1047 734 συγχραφιὺς

75 677 301 835 ε’γνιιυοίζιτο,Η
319 773 400 838 quae
428 747 556 832 Olymp.
580 741 700 823 XCIII,
721 745 750 809 1.
774 743 959 833 adscripta
962 757 1046 824 sunt,

79 851 132 916 ad
157 848 382 934 Olympiadem
404 843 476 912 CX.
499 843 661 907 transferri
680 841 827 928 postulat.
1122 845 1126 855 “

181 943 249 1008 Sed
276 945 423 1031 equidem
448 943 546 1007 tnirer
571 937 692 1017 tonali,
718 941 779 1003 viri
806 937 1047 1026 diligentissimi,

83 1039 258 1107 silentium
278 1041 318 1104 de
339 1039 410 1105 loeo
432 1037 555 1115 Photii,
580 1037 649 1123 qni,
675 1035 936 1122 quemadmodum
952 1039 1047 1102 etiem

82 1141 300 1224 superstitem
326 1134 510 1201 Alexandro
537 1131 639 1196 luisse
659 1132 872 1212 demonstrat,
897 1135 944 1198 ita
969 1133 1047 1198 mihi

85 1236 227 1322 quidem
252 1236 345 1297 etiam
371 1234 506 1298 certiora
533 1227 688 1316 quaedam
715 1228 755 1292 de
780 1250 866 1296 anne
894 1230 964 1292 eius
989 1251 1047 1295 na-

88 1331 152 1396 tali
189 1331 309 1395 indIeia
346 1331 509 1395 eontinere
548 1324 686 1389 videtur.
744 1323 911 1411 Appo'nern
950 1325 1048 1392 verba

84 1426 221 1492 Photii:
298 1488 301 1498 ,
1056 1419 1062 1430 ¹

171 1523 266 1587 Ἔστι
291 1516 337 1583 (11·
353 1515 532 1602 Θεόπομπος
557 1521 640 1591 Χῖος
663 1511 716 1599 μὲν
738 1513 777 1578 τὸ
805 1515 899 1597 γένος,
923 1511 989 1587 uide
1013 1517 1048 1587 di

91 1612 336 1702 Δαμοστράτου.
369 1617 478 1694 ‘iureis
498 1613 532 1679 di
552 1612 668 1693 λέγεται
685 1615 739 1694 τῆς
757 1611 903 1695 πατρίδος
923 1613 1048 1699 dipersi

93 1714 208 1800 πατρὶ,
232 1712 282 1778 ἐπὶ
300 1713 491 1796 Λακωνισμῷ
507 1718 564 1778 τοῦ
573 1709 699 1798 πατρὸς
719 1705 863 1784 ἁλόντος·
884 1710 1049 1798 ἀνασωθῆ-

94 1835 145 1876 ναι
166 1809 203 1875 δὲ
221 1833 258 1906 τη
247 1807 400 1896 πατρίδι
417 1807 646 1893 valentinense
670 1805 756 1889 αὐτῷ
773 1811 832 1870 τοῦ
847 1807 974 1893 πατρός,
994 1811 1048 1894 τὴν

94 1907 129 1973 δὲ
158 1880 301 1972 ediderim
325 1903 523 1994 Ἀλεξάνδρου
554 1929 611 1970 του
635 1902 780 1990 βασιλέως
814 1903 856 1968 dt’
879 1905 1048 1973 ἐπιστολῶν

93 2013 158 2070 τῶν
173 2005 254 2084 πρὸς
275 2007 374 2070 Xioer
392 2001 667 2085 καταπραξαμὰου.
704 1999 806 2067 'Emit
825 1997 861 2066 δὲ
885 1997 1014 2070 eltae
978 2025 1047 2072 sort

97 2101 153 2165 τὸν
174 2095 394 2184 &europaeve
413 2099 466 2162 και
483 2125 528 2181 p

180 2197 274 2264 Haee
291 2196 356 2262 ille.
399 2192 522 2273 Quodsi
535 2192 740 2284 probabiliter
749 2180 958 2262 demonstrari
972 2218 1047 2285 pes·

98 2295 151 2371 ait,
171 2295 298 2382 qnando
318 2293 496 2360 Alexandri
515 2295 702 2358 auctoritate
728 2295 861 2378 patriam
880 2315 1047 2382 reeupera-

98 2394 193 2470 verit,
211 2390 359 2456 detractis
377 2387 475 2455 XLV
494 2391 598 2468 annis,
617 2386 650 2453 h.
672 2411 701 2453 e.
720 2389 865 2454 undecim
885 2388 1047 2479 Olympia-

102 2487 195 2550 dibus
214 2501 247 2551 et
267 2485 398 2572 emplius
418 2507 483 2550 uno
504 2507 600 2564 anno,
629 2474 763 2550 habebis
781 2485 919 2552 natalem
939 2487 1048 2555 Theo·

103 2582 221 2668 pompi.
261 2577 346 2648 Nem
372 2581 411 2648 de
432 2586 510 2648 vitio
534 2585 569 2647 in
587 2580 694 2646 Photii
712 2579 818 2647 1111111
837 2603 892 2650 eur
907 2588 1048 2672 suspiee-

102 2692 188 2743 retur
206 2665 356 2742 Merkius
377 2677 419 2743 ad
437 2677 554 2764 Epher.
575 2699 606 2763 p.
629 2677 679 2742 19.
700 2693 777 2756 non,
797 2675 876 2744 nihil
893 2701 971 2746 sane
991 2683 1049 2750 ha·

104 2773 181 2852 buit,
201 2775 263 2837 nisi
284 2775 369 2861 quod
396 2795 598 2840 numerorum
618 2774 701 2861 apud
720 2773 852 2841 Suidam
876 2779 911 2842 in
928 2774 1047 2868 Ephori

105 2885 136 2936 et
146 2869 344 2959 Theopompi
364 2885 467 2938 aetate
488 2871 683 2960 designanda
702 2891 859 2937 consensa
877 2888 981 2942 motus
1000 2883 1050 2944 vi·

106 2969 203 3034 detur.
254 2966 316 3034 cui
336 2970 481 3057 equidem
502 2991 544 3065 ee
560 2972 664 3036 minus
685 2966 884 3036 tribuendum
903 2973 1049 3058 arbitror,

107 3066 186 3154 quod
211 3086 251 3128 ea
278 3086 372 3152 spero
398 3087 443 3130 ex
472 3069 630 3130 communi
657 3063 812 3132 Graeciae
841 3066 975 3136 historia
995 3095 1048 3140 me

110 3161 278 3252 allauuum,
306 3163 419 3251 quibus
446 3161 553 3228 Photii
578 3165 719 3228 rationes
741 3162 836 3249 plane
859 3165 1048 3235 eonfinnen·

111 3269 169 3320 tur.
207 3257 347 3325 Constat
366 3262 463 3346 igitur
483 3257 720 3375 Alexandrum,
747 3281 842 3348 quum
869 3286 923 3332 res
947 3265 1047 3333 Grae-

110 3356 176 3418 1111
201 3352 320 3420 turbari
354 3358 577 3444 comperisset,
609 3359 715 3422 missis
738 3356 870 3440 litteris,
903 3384 985 3448 quae
1011 3367 1047 3430 in

109 3449 323 3533 Olympiomm
355 3451 535 3518 celebritate
567 3448 693 3539 Olymp.
722 3449 842 3535 CXIV,
866 3459 894 3522 1.
920 3455 994 3523 321.
1017 3485 1047 3526 1.

113 3545 181 3610 Clu.
198 3567 230 3610 n.
253 3549 469 3629 recitarentur,
495 3552 668 3640 imperasse
695 3564 731 3616 ut
753 3552 883 3618 exsules
907 3557 1048 3622 omnium

116 3641 297 3710 Graecarum
311 3647 470 3712 civitatum
486 3644 570 3734 (plus
587 3648 701 3734 viginti
718 3648 856 3730 millibus
872 3647 1047 3738 hominum)

114 3742 356 3824 resisteremus,
387 3741 480 3832 idque
510 3748 673 3832 negotium
703 3744 871 3833 Antipatro
899 3750 1047 3816 mandas·
