2838 4808
769 335 812 352 -
855 298 894 366 16
935 337 977 358 .-

399 469 483 537 bello
504 465 614 536 sociali
641 465 787 556 (Olymp.
806 467 877 550 CV,
898 468 948 555 3.)
972 467 1094 534 auxllia
1117 468 1261 535 mlslrre
1293 492 1360 535 uar-

399 583 464 633 ratt
483 571 518 634 in
543 589 605 655 quo
632 569 881 632 consentientem
906 565 1003 632 habet
1028 563 1296 632 Demosthenem
1327 569 1361 632 de

397 689 467 754 pac.
489 689 520 754 p.
538 666 590 728 6³.
610 663 650 729 de
669 661 772 729 Rhod.
790 662 845 729 lih.
865 685 897 752 p.
919 663 989 728 191.
1012 662 1082 728 coll.
1102 660 1231 730 Liban.
1252 664 1292 728 in
1303 663 1359 729 Ar·

398 785 483 851 gum.
504 766 545 828 ei.
565 761 655 828 Orat.
674 783 707 848 p.
730 763 801 827 tun.

481 859 713 947 sedquoniam
740 856 968 946 Theopompus
994 871 1134 945 petrem,
1160 855 1356 923 Laconistni

397 959 527 1022 culmine
548 955 746 1036 damnatum,
772 957 806 1019 iu
835 957 982 1021 exsilium
1008 967 1159 1042 sequutus
1179 974 1264 1018 esse
1284 956 1355 1020 dici·

397 1069 464 1133 tur,
493 1054 674 1130 videamus,
701 1074 763 1140 quo
784 1064 923 1140 ternpore
947 1055 981 1118 id
1000 1053 1117 1118 fuctum
1133 1071 1215 1115 esse
1238 1052 1352 1138 proba-

397 1151 461 1218 bile
481 1155 533 1218 sit.
582 1149 689 1240 Ipsum
718 1149 842 1238 quidem
867 1153 998 1229 crimen,
1022 1171 1085 1238 quo
1113 1150 1266 1214 concidit
1288 1149 1350 1214 Da·

395 1251 609 1325 nrasistratus,
641 1247 796 1311 eiusmodi
825 1260 890 1327 est,
919 1261 955 1312 ut
981 1251 1016 1313 lo
1043 1269 1083 1312 aa
1116 1259 1248 1312 tautum
1275 1261 1348 1311 tem·

395 1369 474 1434 poru
494 1345 633 1410 incidere
655 1345 809 1432 potuerit,
836 1342 949 1431 quibus
977 1345 1016 1410 de
1041 1345 1226 1431 principatu
1249 1342 1345 1407 Grae·

394 1447 463 1510 ciue
481 1443 729 1509 Lacedaemonii
748 1455 913 1506 certarent.
960 1437 1024 1518 Qui
1042 1461 1138 1529 quum
1157 1461 1286 1505 omnem
1303 1440 1340 1504 il-

394 1540 457 1606 lam
479 1541 742 1616 controversiam,
767 1537 840 1626 plus
864 1535 965 1603 LXX
985 1541 1078 1604 aunis
1102 1541 1248 1603 maxima
1268 1561 1337 1602 cou-

394 1641 534 1704 tentione
562 1641 728 1722 agitatam‚
761 1649 835 1724 pout
860 1635 1005 1722 Agesilai
1029 1649 1166 1710 mortem
1194 1635 1330 1721 (Olymp.

394 1735 481 1814 CIV,
498 1731 546 1819 1.)
563 1735 755 1798 remiserim:
781 1747 912 1819 apparet
937 1731 1162 1798 Damasistrati
1182 1734 1325 1809 exsilium,

392 1832 643 1920 quodquidam,
668 1831 816 1918 quoniam
845 1827 1086 1918 Theopompum
1114 1829 1213 1896 filium
1234 1833 1315 1894 cond·

393 1943 456 1994 tem
483 1927 612 2005 habuit,
640 1939 725 1991 certe
753 1947 818 1991 nou
842 1929 930 2014 prius
950 1924 1139 2014 Olympiade
1168 1929 1306 1992 realem

318 2017 322 2024 ’
392 2048 464 2090 osse
481 2027 599 2113 potuit,
623 2025 707 2088 iutra
731 2022 813 2089 hunc
837 2027 940 2111 ipsam
966 2023 1186 2113 Olympiadem
1205 2037 1232 2089 et
1248 2042 1304 2086 ceu·

392 2128 534 2188 lerinum
560 2130 709 2212 quartum
733 2121 877 2186 accidere
904 2120 1062 2212 debuisse.
1111 2122 1246 2188 Fuerant
1270 2141 1317 2182 au-

391 2234 454 2286 tem
476 2219 549 2286 chit
568 2220 642 2284 iude
669 2239 689 2284 a
714 2218 790 2283 belli
807 2217 1068 2305 Peloponnesiaci
1093 2218 1317 2304 tenporibusin

390 2315 530 2402 partibus
559 2315 900 2392 Lacedaemoniorum
930 2335 988 2380 nec
1013 2329 1118 2382 tamen
1138 2319 1179 2380 ita
1198 2314 1320 2379 illorum
1372 2382 1373 2396 p

391 2430 427 2474 se
448 2411 627 2474 auctoritati
648 2423 680 2476 ct
699 2413 832 2499 imperio
852 2412 1056 2492 addixerant,
1080 2428 1116 2478 ut
1133 2425 1237 2480 contra
1251 2411 1321 2476 har·

389 2520 560 2572 mostarum
579 2511 775 2597 iniquitatem
795 2506 918 2574 hiscere
944 2531 1008 2574 uon
1035 2510 1198 2576 auderent.
1245 2508 1323 2588 Quo·

390 2604 473 2670 circa
499 2627 593 2693 quum
616 2610 744 2692 gravius
770 2609 805 2671 iu
832 2606 900 2672 dies
925 2603 1254 2676 Lacedaemoniorum
1276 2612 1324 2674 itu·

388 2704 509 2787 perium
538 2721 634 2787 aegre
659 2705 794 2783 ferrent,
824 2702 951 2770 Cononi
973 2719 1045 2792 post
1064 2704 1211 2772 Cnidiam
1240 2711 1323 2772 victo·

386 2795 632 2885 riarn(01ymp.
653 2795 775 2879 XCVI,
791 2801 843 2884 3.)
868 2799 989 2867 insulas
1017 2801 1119 2866 classe
1148 2804 1284 2871 adeunti
1299 2826 1326 2868 se

387 2895 590 2962 tradiderunt.
610 2896 639 2979 Ι)
688 2893 753 2962 Sed
778 2917 843 2961 uon
866 2898 964 2964 multo
983 2912 1056 2986 post
1081 2921 1152 2965 cum
1169 2903 1329 2969 Lacedae·

386 2993 502 3058 moniis
525 2991 671 3058 uidentur
696 2996 729 3058 in
757 2996 891 3080 gratiam
917 2996 1061 3062 rediisse.
1101 2995 1237 3066 Interim
1260 3001 1326 3067 cat

384 3109 475 3154 meae
497 3087 697 3155 aPhoebida
718 3104 888 3178 occupatae
916 3095 1033 3158 iniuria
1056 3097 1152 3159 totius
1176 3095 1328 3164 Graecias

385 3185 634 3270 iudignuticnem
654 3201 806 3254 mouerat.
846 3186 955 3278 ltaque
976 3214 1071 3278 quum
1092 3190 1261 3276 Thebani,
1282 3198 1332 3262 Pe

384 3277 607 3374 lopIda0duce,
627 3283 803 3350 lihertatem
822 3303 1079 3374 recuperassent,
1107 3303 1139 3354 et
1155 3289 1334 3360 Athenien·

384 3400 437 3445 ses
462 3381 653 3466 imprudenti
683 3381 877 3470 Sphodriae,
910 3383 1119 3472 Thespiensis
1139 3387 1335 3467 harmastus,

383 3479 565 3544 incursione
585 3479 699 3546 offensi
718 3501 778 3547 uec
801 3483 865 3546 iam
893 3481 1031 3548 occultus
1056 3483 1207 3551 aduersus
1226 3487 1335 3555 Lace-

1152 3651 1156 3658 .
1255 3589 1334 3654 dae·

386 3711 1314 3748 *mmm

451 3847 579 3918 ¹)1tiou.
599 3851 654 3908 sn.
674 3851 747 3918 XIV,
767 3850 811 3910 84.
