2838 4808
709 293 918 358 -26-

343 461 492 551 plissimit
512 461 676 547 praemiis,
695 458 797 537 ἀγῶνα
816 461 903 526 illum
924 461 1074 540 instituit,
1093 461 1126 528 in
1147 454 1219 552 qud)
1252 466 1334 532 de-

344 572 467 624 certans
487 556 712 645 Theopompus
743 582 813 624 cum
831 557 1030 638 Theodecte,
1059 557 1231 626 Naucrate
1264 576 1332 627 at-

345 680 406 744 que
426 655 579 730 Isocrate,
606 666 642 716 ut
671 656 816 741 equidem
837 654 988 734 arbitror,
1014 656 1226 742 Apolloniate
1264 663 1329 723 vi-

343 757 425 818 cisse
447 753 568 816 dicitur.
587 757 617 832 1)
664 749 757 826 erod
782 750 1013 840 Apolloniatem
1037 753 1215 818 Isocratem
1245 779 1327 842 po-

342 855 405 914 tius
436 871 529 936 quarn
558 847 695 912 nobilem
721 847 809 912 illum
833 848 1059 914 Atheniensem
1086 851 1323 938 eundemque

341 958 576 1033 praeceptorem
595 943 796 1029 Theopompi
824 959 1005 1032 superatum
1029 967 1099 1010 esse
1124 950 1323 1024 existimo,

340 1049 374 1108 in
397 1065 436 1107 eo
462 1041 539 1105 mihi
568 1042 687 1104 discors
708 1040 900 1107 Ruhnkenio
920 1041 1023 1125 (Hist.
1044 1041 1121 1107 crit.
1140 1067 1171 1130 p.
1196 1043 1317 1126 161.)

340 1140 497 1203 sententia
518 1151 576 1200 est.
624 1135 675 1201 De
703 1159 765 1223 qua
793 1161 833 1203 ne
860 1141 934 1225 quid
960 1139 1163 1204 dubitationis
1188 1139 1315 1204 relin-

341 1249 473 1326 quatur,
498 1233 631 1318 amplius
656 1233 821 1298 dicendum
849 1249 907 1299 est.
947 1235 1058 1301 Altera
1087 1238 1184 1322 igitur
1214 1259 1309 1301 sen-

340 1335 459 1407 tentia,
491 1351 570 1416 quae
603 1328 845 1416 Theopompum
880 1355 950 1397 cum
986 1346 1190 1420 praeceptore
1231 1356 1307 1398 suo

340 1428 521 1504 committit,
549 1440 612 1492 tres
639 1425 734 1490 habet
759 1440 920 1506 auctores,
952 1429 1009 1494 sed
1031 1451 1087 1494 eos
1107 1452 1222 1516 parum
1247 1430 1304 1494 lo·

340 1523 491 1612 cupletes,
510 1523 877 1603 Pseudo-Plutarchum,
898 1526 1045 1604 Gellium,
1064 1527 1301 1613 Porphyrium.

339 1621 481 1698 Quorum
508 1641 600 1705 quem
628 1623 729 1705 primo
757 1620 828 1685 loco
851 1626 1028 1702 nominavi,
1053 1624 1295 1688 Pseudo-Plu-

338 1717 480 1785 tarchum
496 1721 528 1794 ²)
555 1717 633 1779 satis
673 1729 797 1780 constat
826 1731 1001 1785 ceterorum
1027 1732 1292 1805 argumentorum

337 1816 470 1903 ponderi
486 1815 643 1896 tamquam
662 1813 819 1878 cumulum
830 1815 966 1880 adiicere
984 1837 1096 1903 posse,
1112 1837 1183 1879 rem
1202 1819 1286 1880 eius·

243 1959 246 1972 .
337 1912 440 1986 modi,
468 1911 588 1992 inqua
609 1906 818 1987 multarunt,
847 1934 928 1998 qrrae
954 1934 1131 1998 repugnare
1152 1915 1279 1977 videan-

337 2023 407 2085 tur,
436 2002 617 2070 anatolius
646 2009 831 2072 auctoritate
867 2006 1054 2072 confirmare
1078 2031 1143 2073 non
1176 2031 1280 2095 posse.

337 2102 504 2170 Secundus
540 2113 588 2164 est
616 2100 755 2180 Gellius,
789 2106 877 2168 cuius
913 2104 1010 2170 verba
1029 2107 1060 2184 3)
1089 2108 1143 2191 qui
1172 2105 1284 2190 paullo

337 2203 513 2268 accuratius
536 2198 798 2275 consideraverit,
830 2200 984 2286 intelliget
1010 2203 1163 2287 profecto,
1188 2199 1280 2286 hunc

326 2310 464 2371 testem,
492 2307 594 2358 utram
612 2296 647 2356 in
667 2307 788 2379 partem
810 2294 941 2360 aliarum
960 2301 1118 2363 rationum
1140 2296 1277 2380 gravitas

210 2460 214 2467 ,
335 2391 550 2466 inclinaverit,
578 2409 617 2453 eo
644 2400 676 2452 et
707 2392 811 2475 ipsum
842 2383 1013 2458 maturum.
1068 2393 1135 2458 Sed
1157 2392 1206 2455 his
1234 2411 1279 2454 ne

335 2489 544 2558 Ruhnkenius
561 2488 685 2573 quidem
697 2485 827 2552 multum
837 2487 955 2553 tribuit.
992 2491 1188 2577 Relinquitur
1199 2487 1279 2552 Por·

334 2587 481 2677 phytiae,
503 2587 592 2649 ouius
615 2582 721 2648 verbis
741 2586 869 2648 minime
889 2586 1045 2673 ambiguis
1065 2601 1186 2652 motum
1206 2607 1279 2650 esse

333 2684 558 2749 Ruhnkenium
585 2701 652 2744 non
674 2683 781 2744 miror.
823 2681 939 2748 Exstat
964 2683 1052 2751 locus
1073 2684 1156 2772 apud
1177 2685 1280 2749 Euse-

334 2780 438 2846 bium:
454 2777 484 2861 ⁴)
509 2777 622 2838 Καίτοι
649 2774 828 2860 ὑπερφρονεῖ
845 2776 881 2859 (ὁ
907 2777 1099 2865 Θεόπομπος)
1124 2780 1180 2845 rbi
1198 2779 1279 2844 'Ioc-

333 2872 454 2960 κράτην,
480 2872 532 2936 καὶ
550 2877 721 2955 νενικῆσθαι
745 2873 799 2955 ὑφ’
822 2873 934 2938 ἑαυτοῦ
960 2873 1035 2956 λέγει
1053 2878 1133 2942 κατὰ
1152 2879 1206 2942 τὸν
1228 2876 1280 2941 ἐπὶ

402 3187 430 3252 ¹)
449 3188 524 3243 Suid.
543 3206 565 3246 s.
584 3207 610 3243 r.
626 3185 791 3263 Ἰσοκράτης.
815 3193 894 3248 Tom.
911 3193 944 3246 ll.
960 3210 986 3264 p.
1002 3193 1065 3249 lbl.

399 3289 425 3354 ²)
443 3288 478 3343 V.
493 3291 528 3343 Χ.
545 3292 620 3346 Orat
638 3309 664 3362 p.
682 3293 748 3348 240.

399 3390 427 3456 ³>
445 3391 490 3444 Ea
511 3394 553 3446 sic
584 3393 699 3450 habent:
726 3395 770 3450 Ar
792 3414 837 3450 ιιιι
863 3396 952 3449 lauder
977 3395 1148 3447 decertandas
1173 3396 1278 3448 renim

331 3475 456 3529 dicuntur
474 3471 527 3525 otro·
542 3475 640 3527 nobiles
662 3477 770 3549 ingenio
795 3487 873 3548 atque
893 3477 987 3547 lingua
1004 3475 1169 3545 portabili,
1192 3475 1277 3528 Theo-

327 3571 448 3627 pompus,
476 3554 642 3621 Theodectes,
665 3559 822 3614 Naucrates.
856 3559 926 3612 Sunt
947 3558 1034 3624 etiam,
1062 3559 1109 3628 qui
1126 3555 1275 3612 leocratrm

332 3638 418 3708 iprum
435 3651 494 3690 tunt
511 3637 545 3690 iit
570 3640 709 3694 ιιιιιιιίιιι
727 3642 868 3695 memoriae
887 3640 1077 3693 manducerint.

397 3737 426 3801 ⁴)
444 3737 546 3796 Enoch.
564 3741 661 3814 Praep.
680 3743 786 3813 Evang.
805 3743 840 3807 X,
858 3739 885 3796 3.
905 3758 932 3811 p.
949 3742 1014 3799 tot
1033 3744 1063 3797 c.
1082 3739 1126 3796 ed.
1143 3740 1237 3795 Goion.
