<?xml version="1.0" encoding="UTF-8"?>
<!DOCTYPE html PUBLIC "-//W3C//DTD XHTML 1.0 Transitional//EN"
    "http://www.w3.org/TR/xhtml1/DTD/xhtml1-transitional.dtd">
<html xmlns="http://www.w3.org/1999/xhtml" xml:lang="en" lang="en">
 <head>
  <title>
</title>
<meta http-equiv="Content-Type" content="text/html;charset=utf-8" />
  <meta name='ocr-system' content='tesseract 3.04.00' />
  <meta name='ocr-capabilities' content='ocr_page ocr_carea ocr_par ocr_line ocrx_word'/>
</head>
<body>
  <div class='ocr_page' id='page_1' title='image "./detheopompichii01pflugoog_0032.png"; bbox 0 0 2838 4808; ppageno 0'>
   <div class='ocr_carea' id='block_1_1' title="bbox 16 421 1042 2889">
    <p class='ocr_par' dir='ltr' id='par_1_1' title="bbox 16 421 1042 2889">
     <span class='ocr_line' id='line_1_1' title="bbox 470 421 675 482; baseline 0 -14"><span class='ocrx_word' id='word_1_1' title='bbox 470 427 511 468; x_wconf 90' lang='lat'>..·.</span> <span class='ocrx_word' id='word_1_2' title='bbox 553 421 593 482; x_wconf 85' lang='lat'>21</span> <span class='ocrx_word' id='word_1_3' title='bbox 632 453 675 468; x_wconf 93' lang='lat'>...</span> 
     </span>
     <span class='ocr_line' id='line_1_2' title="bbox 26 527 58 567; baseline 0.031 -1"><span class='ocrx_word' id='word_1_4' title='bbox 26 527 58 567; x_wconf 69' lang='lat' dir='ltr'>vm</span> 
     </span>
     <span class='ocr_line' id='line_1_3' title="bbox 36 581 1042 666; baseline 0.004 -18"><span class='ocrx_word' id='word_1_5' title='bbox 36 605 57 666; x_wconf 71' lang='lat' dir='ltr'>p,</span> <span class='ocrx_word' id='word_1_6' title='bbox 81 585 193 648; x_wconf 90' lang='lat' dir='ltr'>doctor</span> <span class='ocrx_word' id='word_1_7' title='bbox 221 581 387 652; x_wconf 88' lang='lat' dir='ltr'>Isoorates</span> <span class='ocrx_word' id='word_1_8' title='bbox 407 588 453 652; x_wconf 89' lang='lat' dir='ltr'>sic</span> <span class='ocrx_word' id='word_1_9' title='bbox 482 585 720 665; x_wconf 79' lang='lat' dir='ltr'>moderabatur,</span> <span class='ocrx_word' id='word_1_10' title='bbox 744 582 790 654; x_wconf 85' lang='lat' dir='ltr'>ilh&#39;</span> <span class='ocrx_word' id='word_1_11' title='bbox 816 597 852 650; x_wconf 86' lang='lat' dir='ltr'>ut</span> <span class='ocrx_word' id='word_1_12' title='bbox 872 582 980 652; x_wconf 74' lang='lat' dir='ltr'>frenos</span> <span class='ocrx_word' id='word_1_13' title='bbox 1006 605 1042 652; x_wconf 88' lang='lat' dir='ltr'>se</span> 
     </span>
     <span class='ocr_line' id='line_1_4' title="bbox 25 679 1040 787; baseline 0.008 -47"><span class='ocrx_word' id='word_1_14' title='bbox 25 705 59 787; x_wconf 61' lang='lat' dir='ltr'>pp,</span> <span class='ocrx_word' id='word_1_15' title='bbox 78 679 256 760; x_wconf 85' lang='lat' dir='ltr'>adbibere,</span> <span class='ocrx_word' id='word_1_16' title='bbox 279 682 412 770; x_wconf 83' lang='lat' dir='ltr'><strong>Ephoro</strong></span> <span class='ocrx_word' id='word_1_17' title='bbox 431 682 568 750; x_wconf 87' lang='lat' dir='ltr'>calcaria</span> <span class='ocrx_word' id='word_1_18' title='bbox 586 681 752 748; x_wconf 86' lang='lat' dir='ltr'>admovere</span> <span class='ocrx_word' id='word_1_19' title='bbox 772 679 901 748; x_wconf 87' lang='lat' dir='ltr'>diceret.</span> <span class='ocrx_word' id='word_1_20' title='bbox 918 683 946 768; x_wconf 80' lang='grc' dir='ltr'>Ι)</span> <span class='ocrx_word' id='word_1_21' title='bbox 989 681 1040 748; x_wconf 86' lang='lat' dir='ltr'>Si·</span> 
     </span>
     <span class='ocr_line' id='line_1_5' title="bbox 24 775 1039 884; baseline 0.003 -44"><span class='ocrx_word' id='word_1_22' title='bbox 24 800 59 884; x_wconf 49' lang='lat' dir='ltr'>v„</span> <span class='ocrx_word' id='word_1_23' title='bbox 76 777 199 842; x_wconf 90' lang='lat' dir='ltr'>militer</span> <span class='ocrx_word' id='word_1_24' title='bbox 223 777 414 858; x_wconf 81' lang='lat' dir='ltr'>Platonem,</span> <span class='ocrx_word' id='word_1_25' title='bbox 446 802 542 866; x_wconf 88' lang='lat' dir='ltr'>quum</span> <span class='ocrx_word' id='word_1_26' title='bbox 560 775 775 844; x_wconf 78' lang='lat' dir='ltr'><strong>Xenocratem</strong></span> <span class='ocrx_word' id='word_1_27' title='bbox 797 777 902 867; x_wconf 92' lang='lat' dir='ltr'>paullo</span> <span class='ocrx_word' id='word_1_28' title='bbox 923 777 1039 844; x_wconf 90' lang='lat' dir='ltr'>tardio-</span> 
     </span>
     <span class='ocr_line' id='line_1_6' title="bbox 24 874 1039 962; baseline 0.001 -25"><span class='ocrx_word' id='word_1_29' title='bbox 24 897 57 957; x_wconf 57' lang='lat' dir='ltr'>re„</span> <span class='ocrx_word' id='word_1_30' title='bbox 75 897 149 938; x_wconf 90' lang='lat' dir='ltr'>rem</span> <span class='ocrx_word' id='word_1_31' title='bbox 170 897 244 938; x_wconf 91' lang='lat' dir='ltr'>oum</span> <span class='ocrx_word' id='word_1_32' title='bbox 265 874 453 940; x_wconf 85' lang='lat' dir='ltr'>Aristotelis</span> <span class='ocrx_word' id='word_1_33' title='bbox 472 877 596 940; x_wconf 85' lang='lat' dir='ltr'>fervore</span> <span class='ocrx_word' id='word_1_34' title='bbox 613 889 826 962; x_wconf 88' lang='lat' dir='ltr'>compararet,</span> <span class='ocrx_word' id='word_1_35' title='bbox 851 876 972 940; x_wconf 84' lang='lat' dir='ltr'>dixisse</span> <span class='ocrx_word' id='word_1_36' title='bbox 993 875 1039 938; x_wconf 83' lang='lat' dir='ltr'>fe·</span> 
     </span>
     <span class='ocr_line' id='line_1_7' title="bbox 23 967 1039 1055; baseline 0.002 -23"><span class='ocrx_word' id='word_1_37' title='bbox 23 1015 33 1054; x_wconf 60' lang='lat'>3</span> <span class='ocrx_word' id='word_1_38' title='bbox 45 993 56 1055; x_wconf 64' lang='lat' dir='ltr'>p</span> <span class='ocrx_word' id='word_1_39' title='bbox 76 983 171 1033; x_wconf 87' lang='lat' dir='ltr'>runt:</span> <span class='ocrx_word' id='word_1_40' title='bbox 200 975 246 1050; x_wconf 82' lang='grc' dir='ltr'>τῷ</span> <span class='ocrx_word' id='word_1_41' title='bbox 276 969 333 1053; x_wconf 81' lang='grc' dir='ltr'>μὲν</span> <span class='ocrx_word' id='word_1_42' title='bbox 363 968 487 1052; x_wconf 80' lang='grc' dir='ltr'><strong><em>μύωπος</em></strong></span> <span class='ocrx_word' id='word_1_43' title='bbox 508 968 565 1050; x_wconf 77' lang='grc' dir='ltr'>δεῖ,</span> <span class='ocrx_word' id='word_1_44' title='bbox 586 975 630 1054; x_wconf 75' lang='grc' dir='ltr'>τῷ</span> <span class='ocrx_word' id='word_1_45' title='bbox 657 967 690 1033; x_wconf 82' lang='grc' dir='ltr'>δὲ</span> <span class='ocrx_word' id='word_1_46' title='bbox 711 967 834 1054; x_wconf 72' lang='grc' dir='ltr'><strong><em>χαλινοῦ</em></strong></span> <span class='ocrx_word' id='word_1_47' title='bbox 839 990 848 1034; x_wconf 76' lang='lat' dir='ltr'>t</span> <span class='ocrx_word' id='word_1_48' title='bbox 861 970 892 1053; x_wconf 80' lang='lat'>²)</span> <span class='ocrx_word' id='word_1_49' title='bbox 912 969 1039 1034; x_wconf 89' lang='lat' dir='ltr'>eodem-</span> 
     </span>
     <span class='ocr_line' id='line_1_8' title="bbox 37 1065 1038 1156; baseline 0.003 -27"><span class='ocrx_word' id='word_1_50' title='bbox 37 1090 56 1150; x_wconf 58' lang='grc' dir='ltr'>,ῃ</span> <span class='ocrx_word' id='word_1_51' title='bbox 78 1089 141 1150; x_wconf 90' lang='lat' dir='ltr'>que</span> <span class='ocrx_word' id='word_1_52' title='bbox 168 1067 270 1134; x_wconf 90' lang='lat' dir='ltr'>modo</span> <span class='ocrx_word' id='word_1_53' title='bbox 301 1069 342 1132; x_wconf 92' lang='lat' dir='ltr'>de</span> <span class='ocrx_word' id='word_1_54' title='bbox 364 1066 601 1156; x_wconf 79' lang='lat' dir='ltr'>Theophrasto,</span> <span class='ocrx_word' id='word_1_55' title='bbox 629 1065 817 1154; x_wconf 73' lang='lat' dir='ltr'>benigniore</span> <span class='ocrx_word' id='word_1_56' title='bbox 842 1087 925 1131; x_wconf 88' lang='lat' dir='ltr'>vena</span> <span class='ocrx_word' id='word_1_57' title='bbox 948 1089 1038 1153; x_wconf 91' lang='lat' dir='ltr'>prae·</span> 
     </span>
     <span class='ocr_line' id='line_1_9' title="bbox 24 1161 1036 1248; baseline 0.003 -25"><span class='ocrx_word' id='word_1_58' title='bbox 24 1201 54 1248; x_wconf 66' lang='lat' dir='ltr'>m,</span> <span class='ocrx_word' id='word_1_59' title='bbox 76 1163 163 1240; x_wconf 90' lang='lat' dir='ltr'>dito,</span> <span class='ocrx_word' id='word_1_60' title='bbox 191 1177 226 1228; x_wconf 91' lang='lat' dir='ltr'>et</span> <span class='ocrx_word' id='word_1_61' title='bbox 257 1163 473 1242; x_wconf 89' lang='lat' dir='ltr'>Callisthene,</span> <span class='ocrx_word' id='word_1_62' title='bbox 499 1164 629 1231; x_wconf 90' lang='lat' dir='ltr'>bomine</span> <span class='ocrx_word' id='word_1_63' title='bbox 657 1167 739 1229; x_wconf 90' lang='lat' dir='ltr'>tristi</span> <span class='ocrx_word' id='word_1_64' title='bbox 764 1176 796 1230; x_wconf 93' lang='lat' dir='ltr'>et</span> <span class='ocrx_word' id='word_1_65' title='bbox 823 1183 955 1239; x_wconf 86' lang='lat' dir='ltr'>severo,</span> <span class='ocrx_word' id='word_1_66' title='bbox 981 1161 1036 1226; x_wconf 88' lang='lat' dir='ltr'>sed</span> 
     </span>
     <span class='ocr_line' id='line_1_10' title="bbox 22 1257 1037 1365; baseline -0.003 -40"><span class='ocrx_word' id='word_1_67' title='bbox 22 1281 191 1365; x_wconf 56' lang='lat' dir='ltr'>ppparum</span> <span class='ocrx_word' id='word_1_68' title='bbox 214 1274 334 1338; x_wconf 89' lang='lat' dir='ltr'>acuto,</span> <span class='ocrx_word' id='word_1_69' title='bbox 358 1259 549 1326; x_wconf 86' lang='lat' dir='ltr'>Aristoteles</span> <span class='ocrx_word' id='word_1_70' title='bbox 574 1261 735 1326; x_wconf 91' lang='lat' dir='ltr'>iudicavit.</span> <span class='ocrx_word' id='word_1_71' title='bbox 750 1259 780 1344; x_wconf 83' lang='lat'>³)</span> <span class='ocrx_word' id='word_1_72' title='bbox 827 1258 894 1324; x_wconf 85' lang='lat' dir='ltr'>Sed</span> <span class='ocrx_word' id='word_1_73' title='bbox 914 1257 1037 1324; x_wconf 87' lang='lat' dir='ltr'>Isocra·</span> 
     </span>
     <span class='ocr_line' id='line_1_11' title="bbox 21 1353 1036 1443; baseline 0 -27"><span class='ocrx_word' id='word_1_74' title='bbox 21 1381 52 1440; x_wconf 59' lang='lat' dir='ltr'>,sp</span> <span class='ocrx_word' id='word_1_75' title='bbox 73 1370 142 1431; x_wconf 81' lang='lat' dir='ltr'>tea,</span> <span class='ocrx_word' id='word_1_76' title='bbox 186 1379 290 1443; x_wconf 77' lang='lat' dir='ltr'>qutun</span> <span class='ocrx_word' id='word_1_77' title='bbox 317 1369 536 1443; x_wconf 77' lang='lat' dir='ltr'>argumentum</span> <span class='ocrx_word' id='word_1_78' title='bbox 564 1355 646 1436; x_wconf 87' lang='lat' dir='ltr'>illis,</span> <span class='ocrx_word' id='word_1_79' title='bbox 675 1360 710 1422; x_wconf 92' lang='lat' dir='ltr'>in</span> <span class='ocrx_word' id='word_1_80' title='bbox 739 1378 801 1443; x_wconf 85' lang='lat' dir='ltr'>qno</span> <span class='ocrx_word' id='word_1_81' title='bbox 827 1353 1036 1430; x_wconf 82' lang='lat' dir='ltr'>elaborarent,</span> 
     </span>
     <span class='ocr_line' id='line_1_12' title="bbox 21 1449 1035 1540; baseline -0.002 -25"><span class='ocrx_word' id='word_1_82' title='bbox 21 1479 48 1537; x_wconf 62' lang='lat' dir='ltr'>,j</span> <span class='ocrx_word' id='word_1_83' title='bbox 72 1451 318 1519; x_wconf 88' lang='lat' dir='ltr'>subiiciendum</span> <span class='ocrx_word' id='word_1_84' title='bbox 353 1468 455 1533; x_wconf 88' lang='lat' dir='ltr'>esset,</span> <span class='ocrx_word' id='word_1_85' title='bbox 494 1456 692 1521; x_wconf 86' lang='lat' dir='ltr'>considerata</span> <span class='ocrx_word' id='word_1_86' title='bbox 726 1456 886 1540; x_wconf 82' lang='lat' dir='ltr'>utriusque</span> <span class='ocrx_word' id='word_1_87' title='bbox 916 1449 1035 1528; x_wconf 86' lang='lat' dir='ltr'>indole,</span> 
     </span>
     <span class='ocr_line' id='line_1_13' title="bbox 72 1546 1033 1636; baseline -0.003 -25"><span class='ocrx_word' id='word_1_88' title='bbox 72 1546 298 1636; x_wconf 86' lang='lat' dir='ltr'>Theopompo</span> <span class='ocrx_word' id='word_1_89' title='bbox 315 1549 479 1616; x_wconf 82' lang='lat' dir='ltr'>historiam</span> <span class='ocrx_word' id='word_1_90' title='bbox 498 1575 603 1618; x_wconf 88' lang='lat' dir='ltr'>rernm</span> <span class='ocrx_word' id='word_1_91' title='bbox 623 1551 833 1626; x_wconf 85' lang='lat' dir='ltr'>Graecarum,</span> <span class='ocrx_word' id='word_1_92' title='bbox 860 1568 953 1634; x_wconf 89' lang='lat' dir='ltr'>quam</span> <span class='ocrx_word' id='word_1_93' title='bbox 971 1567 1033 1632; x_wconf 90' lang='lat' dir='ltr'>quo</span> 
     </span>
     <span class='ocr_line' id='line_1_14' title="bbox 21 1642 1033 1754; baseline -0.003 -47"><span class='ocrx_word' id='word_1_94' title='bbox 21 1693 42 1754; x_wconf 66' lang='lat' dir='ltr'>q,</span> <span class='ocrx_word' id='word_1_95' title='bbox 73 1648 188 1710; x_wconf 79' lang='lat' dir='ltr'>vuinus</span> <span class='ocrx_word' id='word_1_96' title='bbox 210 1644 391 1709; x_wconf 79' lang='lat' dir='ltr'>inchoatam</span> <span class='ocrx_word' id='word_1_97' title='bbox 407 1646 594 1732; x_wconf 86' lang='lat' dir='ltr'>perficeret,</span> <span class='ocrx_word' id='word_1_98' title='bbox 620 1660 722 1713; x_wconf 88' lang='lat' dir='ltr'>morte</span> <span class='ocrx_word' id='word_1_99' title='bbox 748 1647 940 1730; x_wconf 88' lang='lat' dir='ltr'>interceptus</span> <span class='ocrx_word' id='word_1_100' title='bbox 963 1642 1033 1705; x_wconf 83' lang='lat' dir='ltr'>lue-</span> 
     </span>
     <span class='ocr_line' id='line_1_15' title="bbox 19 1739 1032 1830; baseline 0.001 -29"><span class='ocrx_word' id='word_1_101' title='bbox 19 1769 35 1828; x_wconf 40' lang='grc' dir='ltr'>ᾗ,</span> <span class='ocrx_word' id='word_1_102' title='bbox 75 1755 130 1804; x_wconf 85' lang='lat' dir='ltr'>rat</span> <span class='ocrx_word' id='word_1_103' title='bbox 150 1739 367 1826; x_wconf 85' lang='lat' dir='ltr'>Thucydides,</span> <span class='ocrx_word' id='word_1_104' title='bbox 380 1741 411 1826; x_wconf 83' lang='lat'>⁴)</span> <span class='ocrx_word' id='word_1_105' title='bbox 427 1743 554 1830; x_wconf 91' lang='lat' dir='ltr'>plenam</span> <span class='ocrx_word' id='word_1_106' title='bbox 566 1744 705 1810; x_wconf 90' lang='lat' dir='ltr'>civilium</span> <span class='ocrx_word' id='word_1_107' title='bbox 722 1742 953 1806; x_wconf 74' lang='lat' dir='ltr'>ffisrensionum</span> <span class='ocrx_word' id='word_1_108' title='bbox 964 1741 1032 1824; x_wconf 86' lang='lat' dir='ltr'>agi·</span> 
     </span>
     <span class='ocr_line' id='line_1_16' title="bbox 20 1836 1031 1926; baseline -0.005 -24"><span class='ocrx_word' id='word_1_109' title='bbox 20 1886 35 1926; x_wconf 64' lang='lat' dir='ltr'>u,</span> <span class='ocrx_word' id='word_1_110' title='bbox 77 1848 243 1924; x_wconf 71' lang='lat' dir='ltr'>mamque</span> <span class='ocrx_word' id='word_1_111' title='bbox 261 1841 385 1924; x_wconf 86' lang='lat' dir='ltr'>magnis</span> <span class='ocrx_word' id='word_1_112' title='bbox 408 1838 571 1906; x_wconf 89' lang='lat' dir='ltr'>hominnm</span> <span class='ocrx_word' id='word_1_113' title='bbox 592 1853 625 1904; x_wconf 90' lang='lat' dir='ltr'>et</span> <span class='ocrx_word' id='word_1_114' title='bbox 641 1836 808 1903; x_wconf 78' lang='lat' dir='ltr'>virtutibus</span> <span class='ocrx_word' id='word_1_115' title='bbox 831 1848 863 1900; x_wconf 93' lang='lat' dir='ltr'>et</span> <span class='ocrx_word' id='word_1_116' title='bbox 879 1836 964 1900; x_wconf 86' lang='lat' dir='ltr'>vitiis</span> <span class='ocrx_word' id='word_1_117' title='bbox 985 1846 1031 1897; x_wconf 90' lang='lat' dir='ltr'>at·</span> 
     </span>
     <span class='ocr_line' id='line_1_17' title="bbox 18 1929 1030 2026; baseline -0.003 -30"><span class='ocrx_word' id='word_1_118' title='bbox 18 1988 35 2026; x_wconf 51' lang='grc' dir='ltr'><strong>Μ</strong></span> <span class='ocrx_word' id='word_1_119' title='bbox 75 1954 140 2017; x_wconf 89' lang='lat' dir='ltr'>qne</span> <span class='ocrx_word' id='word_1_120' title='bbox 158 1936 231 2019; x_wconf 88' lang='lat' dir='ltr'>ipsa</span> <span class='ocrx_word' id='word_1_121' title='bbox 252 1947 427 2021; x_wconf 87' lang='lat' dir='ltr'>temporum</span> <span class='ocrx_word' id='word_1_122' title='bbox 448 1939 611 2002; x_wconf 83' lang='lat' dir='ltr'>vicinitate</span> <span class='ocrx_word' id='word_1_123' title='bbox 635 1929 869 2001; x_wconf 83' lang='lat' dir='ltr'>eoruruotiorenr</span> <span class='ocrx_word' id='word_1_124' title='bbox 888 1932 1030 2016; x_wconf 87' lang='lat' dir='ltr'>assigna·</span> 
     </span>
     <span class='ocr_line' id='line_1_18' title="bbox 18 2029 1038 2124; baseline -0.006 -30"><span class='ocrx_word' id='word_1_125' title='bbox 18 2086 33 2124; x_wconf 52' lang='lat' dir='ltr'><strong>m</strong></span> <span class='ocrx_word' id='word_1_126' title='bbox 75 2032 140 2106; x_wconf 82' lang='lat' dir='ltr'>vit3</span> <span class='ocrx_word' id='word_1_127' title='bbox 160 2029 326 2116; x_wconf 85' lang='lat' dir='ltr'>Ephorum</span> <span class='ocrx_word' id='word_1_128' title='bbox 343 2032 384 2094; x_wconf 89' lang='lat' dir='ltr'>ad</span> <span class='ocrx_word' id='word_1_129' title='bbox 402 2035 596 2118; x_wconf 74' lang='lat' dir='ltr'>antiquitatis</span> <span class='ocrx_word' id='word_1_130' title='bbox 607 2031 748 2096; x_wconf 76' lang='lat' dir='ltr'>Graecae</span> <span class='ocrx_word' id='word_1_131' title='bbox 765 2031 958 2105; x_wconf 87' lang='lat' dir='ltr'>memoriam,</span> <span class='ocrx_word' id='word_1_132' title='bbox 978 2047 1038 2115; x_wconf 45' lang='lat' dir='ltr'>req</span> 
     </span>
     <span class='ocr_line' id='line_1_19' title="bbox 17 2123 1027 2221; baseline 0.001 -34"><span class='ocrx_word' id='word_1_133' title='bbox 17 2181 28 2221; x_wconf 52' lang='grc' dir='ltr'>Ι</span> <span class='ocrx_word' id='word_1_134' title='bbox 75 2138 202 2189; x_wconf 90' lang='lat' dir='ltr'>motam</span> <span class='ocrx_word' id='word_1_135' title='bbox 227 2149 248 2192; x_wconf 91' lang='lat' dir='ltr'>a</span> <span class='ocrx_word' id='word_1_136' title='bbox 277 2129 413 2214; x_wconf 86' lang='lat' dir='ltr'>partium</span> <span class='ocrx_word' id='word_1_137' title='bbox 432 2129 544 2192; x_wconf 88' lang='lat' dir='ltr'>studiis</span> <span class='ocrx_word' id='word_1_138' title='bbox 562 2140 594 2191; x_wconf 88' lang='lat' dir='ltr'>et</span> <span class='ocrx_word' id='word_1_139' title='bbox 612 2129 747 2206; x_wconf 89' lang='lat' dir='ltr'>invidia,</span> <span class='ocrx_word' id='word_1_140' title='bbox 777 2123 1027 2209; x_wconf 77' lang='lat' dir='ltr'>investigandam</span> 
     </span>
     <span class='ocr_line' id='line_1_20' title="bbox 19 2216 1027 2314; baseline -0.006 -30"><span class='ocrx_word' id='word_1_141' title='bbox 19 2302 21 2312; x_wconf 31' lang='grc' dir='ltr'>Ι</span> <span class='ocrx_word' id='word_1_142' title='bbox 76 2233 111 2284; x_wconf 90' lang='lat' dir='ltr'>et</span> <span class='ocrx_word' id='word_1_143' title='bbox 129 2220 257 2306; x_wconf 88' lang='lat' dir='ltr'>placido</span> <span class='ocrx_word' id='word_1_144' title='bbox 286 2221 421 2312; x_wconf 84' lang='lat' dir='ltr'>quodam</span> <span class='ocrx_word' id='word_1_145' title='bbox 446 2223 577 2314; x_wconf 84' lang='lat' dir='ltr'>llurnine</span> <span class='ocrx_word' id='word_1_146' title='bbox 605 2225 757 2290; x_wconf 88' lang='lat' dir='ltr'>orationis</span> <span class='ocrx_word' id='word_1_147' title='bbox 777 2221 961 2305; x_wconf 87' lang='lat' dir='ltr'>eruditaque</span> <span class='ocrx_word' id='word_1_148' title='bbox 979 2216 1027 2279; x_wconf 84' lang='lat' dir='ltr'>ia·</span> 
     </span>
     <span class='ocr_line' id='line_1_21' title="bbox 16 2310 1026 2406; baseline -0.006 -25"><span class='ocrx_word' id='word_1_149' title='bbox 16 2329 21 2405; x_wconf 53' lang='lat' dir='ltr'><strong>j</strong></span> <span class='ocrx_word' id='word_1_150' title='bbox 74 2319 193 2383; x_wconf 86' lang='lat' dir='ltr'>cundia</span> <span class='ocrx_word' id='word_1_151' title='bbox 212 2318 435 2406; x_wconf 86' lang='lat' dir='ltr'>explicandam</span> <span class='ocrx_word' id='word_1_152' title='bbox 454 2323 607 2387; x_wconf 84' lang='lat' dir='ltr'>incitavit.</span> <span class='ocrx_word' id='word_1_153' title='bbox 624 2321 653 2404; x_wconf 74' lang='grc' dir='ltr'>ς)</span> <span class='ocrx_word' id='word_1_154' title='bbox 695 2320 760 2384; x_wconf 86' lang='lat' dir='ltr'>Sed</span> <span class='ocrx_word' id='word_1_155' title='bbox 781 2318 820 2382; x_wconf 91' lang='lat' dir='ltr'>de</span> <span class='ocrx_word' id='word_1_156' title='bbox 841 2334 960 2402; x_wconf 86' lang='lat' dir='ltr'>genere</span> <span class='ocrx_word' id='word_1_157' title='bbox 979 2310 1026 2375; x_wconf 93' lang='lat' dir='ltr'>di·</span> 
     </span>
     <span class='ocr_line' id='line_1_22' title="bbox 17 2413 1025 2504; baseline -0.006 -26"><span class='ocrx_word' id='word_1_158' title='bbox 17 2474 18 2502; x_wconf 33' lang='lat'>,</span> <span class='ocrx_word' id='word_1_159' title='bbox 75 2415 190 2492; x_wconf 87' lang='lat' dir='ltr'>cendi,</span> <span class='ocrx_word' id='word_1_160' title='bbox 218 2439 280 2504; x_wconf 88' lang='lat' dir='ltr'>quo</span> <span class='ocrx_word' id='word_1_161' title='bbox 302 2437 379 2482; x_wconf 89' lang='lat' dir='ltr'>usus</span> <span class='ocrx_word' id='word_1_162' title='bbox 401 2428 451 2481; x_wconf 89' lang='lat' dir='ltr'>est</span> <span class='ocrx_word' id='word_1_163' title='bbox 470 2413 717 2504; x_wconf 84' lang='lat' dir='ltr'>Theopompus,</span> <span class='ocrx_word' id='word_1_164' title='bbox 745 2413 916 2501; x_wconf 82' lang='lat' dir='ltr'>librisque,</span> <span class='ocrx_word' id='word_1_165' title='bbox 945 2428 1025 2496; x_wconf 86' lang='lat' dir='ltr'>quos</span> 
     </span>
     <span class='ocr_line' id='line_1_23' title="bbox 76 2503 1025 2599; baseline -0.003 -25"><span class='ocrx_word' id='word_1_166' title='bbox 76 2512 200 2589; x_wconf 90' lang='lat' dir='ltr'>edidit,</span> <span class='ocrx_word' id='word_1_167' title='bbox 227 2513 311 2576; x_wconf 86' lang='lat' dir='ltr'>infra</span> <span class='ocrx_word' id='word_1_168' title='bbox 338 2512 432 2578; x_wconf 86' lang='lat' dir='ltr'>latius</span> <span class='ocrx_word' id='word_1_169' title='bbox 458 2515 520 2576; x_wconf 89' lang='lat' dir='ltr'>erit</span> <span class='ocrx_word' id='word_1_170' title='bbox 552 2513 781 2599; x_wconf 82' lang='lat' dir='ltr'>disputandum.</span> <span class='ocrx_word' id='word_1_171' title='bbox 830 2507 923 2574; x_wconf 88' lang='lat' dir='ltr'>Nunc</span> <span class='ocrx_word' id='word_1_172' title='bbox 947 2503 1025 2567; x_wconf 82' lang='lat' dir='ltr'>illud</span> 
     </span>
     <span class='ocr_line' id='line_1_24' title="bbox 77 2603 1024 2687; baseline -0.012 -16"><span class='ocrx_word' id='word_1_173' title='bbox 77 2608 384 2687; x_wconf 86' lang='lat' dir='ltr'>animadvertamus,</span> <span class='ocrx_word' id='word_1_174' title='bbox 409 2631 482 2672; x_wconf 89' lang='lat' dir='ltr'>eum</span> <span class='ocrx_word' id='word_1_175' title='bbox 506 2611 601 2672; x_wconf 89' lang='lat' dir='ltr'>etiam</span> <span class='ocrx_word' id='word_1_176' title='bbox 628 2609 753 2674; x_wconf 89' lang='lat' dir='ltr'>Platoni</span> <span class='ocrx_word' id='word_1_177' title='bbox 775 2603 876 2671; x_wconf 88' lang='lat' dir='ltr'>videri</span> <span class='ocrx_word' id='word_1_178' title='bbox 897 2619 1024 2686; x_wconf 88' lang='lat' dir='ltr'>operam</span> 
     </span>
     <span class='ocr_line' id='line_1_25' title="bbox 76 2696 1024 2792; baseline -0.015 -24"><span class='ocrx_word' id='word_1_179' title='bbox 76 2705 222 2782; x_wconf 83' lang='lat' dir='ltr'>dedisse,</span> <span class='ocrx_word' id='word_1_180' title='bbox 252 2705 366 2770; x_wconf 91' lang='lat' dir='ltr'>eodem</span> <span class='ocrx_word' id='word_1_181' title='bbox 393 2704 486 2770; x_wconf 91' lang='lat' dir='ltr'>credo</span> <span class='ocrx_word' id='word_1_182' title='bbox 515 2705 665 2784; x_wconf 87' lang='lat' dir='ltr'>oonsilio,</span> <span class='ocrx_word' id='word_1_183' title='bbox 688 2727 750 2792; x_wconf 90' lang='lat' dir='ltr'>quo</span> <span class='ocrx_word' id='word_1_184' title='bbox 776 2696 1024 2768; x_wconf 86' lang='lat' dir='ltr'>Demosthenem</span> 
     </span>
     <span class='ocr_line' id='line_1_26' title="bbox 75 2794 1023 2889; baseline -0.009 -25"><span class='ocrx_word' id='word_1_185' title='bbox 75 2824 203 2889; x_wconf 88' lang='lat' dir='ltr'>quoqne</span> <span class='ocrx_word' id='word_1_186' title='bbox 223 2815 256 2866; x_wconf 90' lang='lat' dir='ltr'>et</span> <span class='ocrx_word' id='word_1_187' title='bbox 273 2800 373 2866; x_wconf 89' lang='lat' dir='ltr'>multo</span> <span class='ocrx_word' id='word_1_188' title='bbox 394 2813 469 2888; x_wconf 89' lang='lat' dir='ltr'>post</span> <span class='ocrx_word' id='word_1_189' title='bbox 489 2799 675 2866; x_wconf 86' lang='lat' dir='ltr'>Ciceronem</span> <span class='ocrx_word' id='word_1_190' title='bbox 695 2800 835 2866; x_wconf 92' lang='lat' dir='ltr'>discendi</span> <span class='ocrx_word' id='word_1_191' title='bbox 856 2815 968 2863; x_wconf 86' lang='lat' dir='ltr'>caussa</span> <span class='ocrx_word' id='word_1_192' title='bbox 987 2794 1023 2855; x_wconf 93' lang='lat' dir='ltr'>in</span> 
     </span>
    </p>
   </div>
   <div class='ocr_carea' id='block_1_2' title="bbox 74 2885 1022 2988">
    <p class='ocr_par' dir='ltr' id='par_1_2' title="bbox 74 2885 1022 2988">
     <span class='ocr_line' id='line_1_27' title="bbox 74 2885 1022 2988; baseline -0.005 -25"><span class='ocrx_word' id='word_1_193' title='bbox 74 2900 267 2967; x_wconf 85' lang='lat' dir='ltr'>Academiae</span> <span class='ocrx_word' id='word_1_194' title='bbox 293 2900 396 2986; x_wconf 85' lang='lat' dir='ltr'>spatia</span> <span class='ocrx_word' id='word_1_195' title='bbox 425 2898 627 2964; x_wconf 82' lang='lat' dir='ltr'>descendisse</span> <span class='ocrx_word' id='word_1_196' title='bbox 654 2901 840 2988; x_wconf 86' lang='lat' dir='ltr'>accepimus.</span> <span class='ocrx_word' id='word_1_197' title='bbox 858 2895 889 2971; x_wconf 74' lang='grc'>6)</span> <span class='ocrx_word' id='word_1_198' title='bbox 939 2885 1022 2958; x_wconf 81' lang='lat' dir='ltr'>Nam</span> 
     </span>
    </p>
   </div>
   <div class='ocr_carea' id='block_1_3' title="bbox 76 3187 1019 3347">
    <p class='ocr_par' dir='ltr' id='par_1_3' title="bbox 76 3187 1019 3347">
     <span class='ocr_line' id='line_1_28' title="bbox 146 3187 1019 3262; baseline -0.005 -14"><span class='ocrx_word' id='word_1_199' title='bbox 146 3192 172 3255; x_wconf 79' lang='lat'>¹)</span> <span class='ocrx_word' id='word_1_200' title='bbox 191 3193 248 3248; x_wconf 79' lang='lat' dir='ltr'>Cic.</span> <span class='ocrx_word' id='word_1_201' title='bbox 266 3194 343 3248; x_wconf 84' lang='lat' dir='ltr'>Brut.</span> <span class='ocrx_word' id='word_1_202' title='bbox 363 3193 409 3249; x_wconf 78' lang='lat'>56.</span> <span class='ocrx_word' id='word_1_203' title='bbox 426 3194 461 3249; x_wconf 86' lang='lat' dir='ltr'>de</span> <span class='ocrx_word' id='word_1_204' title='bbox 474 3195 550 3248; x_wconf 79' lang='lat' dir='ltr'>Orat.</span> <span class='ocrx_word' id='word_1_205' title='bbox 562 3193 610 3262; x_wconf 89' lang='lat'>111,</span> <span class='ocrx_word' id='word_1_206' title='bbox 621 3194 650 3250; x_wconf 83' lang='grc'>9.</span> <span class='ocrx_word' id='word_1_207' title='bbox 680 3195 794 3260; x_wconf 74' lang='lat' dir='ltr'>Quintil.</span> <span class='ocrx_word' id='word_1_208' title='bbox 810 3187 1019 3257; x_wconf 76' lang='lat' dir='ltr'>J.0.11,8,11.</span> 
     </span>
     <span class='ocr_line' id='line_1_29' title="bbox 76 3271 390 3347; baseline -0.01 -20"><span class='ocrx_word' id='word_1_209' title='bbox 76 3273 156 3328; x_wconf 90' lang='lat' dir='ltr'>Snid.</span> <span class='ocrx_word' id='word_1_210' title='bbox 174 3289 197 3325; x_wconf 85' lang='lat' dir='ltr'>s.</span> <span class='ocrx_word' id='word_1_211' title='bbox 214 3290 242 3326; x_wconf 90' lang='lat' dir='ltr'>v.</span> <span class='ocrx_word' id='word_1_212' title='bbox 258 3271 390 3347; x_wconf 82' lang='grc' dir='ltr'><strong>Ἔφορος.</strong></span> 
     </span>
    </p>
   </div>
   <div class='ocr_carea' id='block_1_4' title="bbox 143 3370 492 3441">
    <p class='ocr_par' dir='ltr' id='par_1_4' title="bbox 143 3370 492 3441">
     <span class='ocr_line' id='line_1_30' title="bbox 143 3370 492 3441; baseline 0.014 -15"><span class='ocrx_word' id='word_1_213' title='bbox 143 3370 171 3437; x_wconf 82' lang='lat'>2)</span> <span class='ocrx_word' id='word_1_214' title='bbox 191 3373 275 3441; x_wconf 81' lang='lat' dir='ltr'>Diog.</span> <span class='ocrx_word' id='word_1_215' title='bbox 290 3374 383 3428; x_wconf 84' lang='lat' dir='ltr'>Laert.</span> <span class='ocrx_word' id='word_1_216' title='bbox 399 3373 447 3440; x_wconf 93' lang='lat' dir='ltr'>lV,</span> <span class='ocrx_word' id='word_1_217' title='bbox 464 3375 492 3431; x_wconf 80' lang='lat' dir='ltr'>d.</span> 
     </span>
    </p>
   </div>
   <div class='ocr_carea' id='block_1_5' title="bbox 76 3471 1018 3625">
    <p class='ocr_par' dir='ltr' id='par_1_5' title="bbox 76 3471 1018 3625">
     <span class='ocr_line' id='line_1_31' title="bbox 140 3471 1018 3547; baseline -0.011 -10"><span class='ocrx_word' id='word_1_218' title='bbox 140 3471 168 3537; x_wconf 76' lang='grc'>3)</span> <span class='ocrx_word' id='word_1_219' title='bbox 187 3473 273 3544; x_wconf 82' lang='lat' dir='ltr'>Diog.</span> <span class='ocrx_word' id='word_1_220' title='bbox 295 3475 387 3531; x_wconf 83' lang='lat' dir='ltr'>Laert.</span> <span class='ocrx_word' id='word_1_221' title='bbox 404 3475 438 3531; x_wconf 84' lang='lat' dir='ltr'>V.</span> <span class='ocrx_word' id='word_1_222' title='bbox 458 3473 504 3533; x_wconf 80' lang='grc'>39.</span> <span class='ocrx_word' id='word_1_223' title='bbox 545 3477 671 3532; x_wconf 83' lang='lat' dir='ltr'>Imitatus</span> <span class='ocrx_word' id='word_1_224' title='bbox 689 3482 733 3532; x_wconf 81' lang='lat' dir='ltr'>est</span> <span class='ocrx_word' id='word_1_225' title='bbox 752 3475 868 3547; x_wconf 80' lang='lat' dir='ltr'>Langia.</span> <span class='ocrx_word' id='word_1_226' title='bbox 889 3477 924 3532; x_wconf 88' lang='lat' dir='ltr'>de</span> <span class='ocrx_word' id='word_1_227' title='bbox 943 3475 1018 3530; x_wconf 78' lang='lat' dir='ltr'>Subl.</span> 
     </span>
     <span class='ocr_line' id='line_1_32' title="bbox 76 3555 414 3625; baseline 0 -16"><span class='ocrx_word' id='word_1_228' title='bbox 76 3556 103 3609; x_wconf 82' lang='lat'>5.</span> <span class='ocrx_word' id='word_1_229' title='bbox 121 3557 155 3608; x_wconf 91' lang='lat' dir='ltr'>ll.</span> <span class='ocrx_word' id='word_1_230' title='bbox 170 3571 198 3625; x_wconf 92' lang='lat' dir='ltr'>p.</span> <span class='ocrx_word' id='word_1_231' title='bbox 216 3555 242 3609; x_wconf 83' lang='lat'>7.</span> <span class='ocrx_word' id='word_1_232' title='bbox 263 3556 350 3610; x_wconf 78' lang='lat' dir='ltr'>Oxou.</span> <span class='ocrx_word' id='word_1_233' title='bbox 406 3559 414 3568; x_wconf 95' lang='lat'>&#39;</span> 
     </span>
    </p>
   </div>
   <div class='ocr_carea' id='block_1_6' title="bbox 143 3655 998 3931">
    <p class='ocr_par' dir='ltr' id='par_1_6' title="bbox 143 3655 998 3931">
     <span class='ocr_line' id='line_1_33' title="bbox 143 3655 651 3729; baseline 0.004 -18"><span class='ocrx_word' id='word_1_234' title='bbox 143 3655 171 3719; x_wconf 79' lang='grc'>4)</span> <span class='ocrx_word' id='word_1_235' title='bbox 188 3657 309 3711; x_wconf 83' lang='lat' dir='ltr'>Goeller.</span> <span class='ocrx_word' id='word_1_236' title='bbox 328 3657 392 3712; x_wconf 88' lang='lat' dir='ltr'>Vita</span> <span class='ocrx_word' id='word_1_237' title='bbox 407 3657 534 3729; x_wconf 85' lang='lat' dir='ltr'>Thooyd.</span> <span class='ocrx_word' id='word_1_238' title='bbox 558 3673 586 3728; x_wconf 87' lang='lat' dir='ltr'>p.</span> <span class='ocrx_word' id='word_1_239' title='bbox 606 3657 651 3713; x_wconf 90' lang='lat' dir='ltr'>ll.</span> 
     </span>
     <span class='ocr_line' id='line_1_34' title="bbox 144 3756 586 3830; baseline 0.002 -19"><span class='ocrx_word' id='word_1_240' title='bbox 144 3756 171 3820; x_wconf 81' lang='lat'>⁵)</span> <span class='ocrx_word' id='word_1_241' title='bbox 190 3757 304 3814; x_wconf 86' lang='lat' dir='ltr'>Photins</span> <span class='ocrx_word' id='word_1_242' title='bbox 323 3761 357 3815; x_wconf 89' lang='lat' dir='ltr'>T.</span> <span class='ocrx_word' id='word_1_243' title='bbox 375 3761 395 3816; x_wconf 91' lang='lat' dir='ltr'>l.</span> <span class='ocrx_word' id='word_1_244' title='bbox 413 3777 440 3830; x_wconf 87' lang='lat' dir='ltr'>p.</span> <span class='ocrx_word' id='word_1_245' title='bbox 459 3759 523 3826; x_wconf 87' lang='lat'>121,</span> <span class='ocrx_word' id='word_1_246' title='bbox 539 3760 586 3814; x_wconf 79' lang='lat'>2⁷.</span> 
     </span>
     <span class='ocr_line' id='line_1_35' title="bbox 144 3853 998 3931; baseline -0.009 -11"><span class='ocrx_word' id='word_1_247' title='bbox 144 3853 172 3920; x_wconf 76' lang='grc'>6)</span> <span class='ocrx_word' id='word_1_248' title='bbox 192 3860 245 3914; x_wconf 77' lang='lat' dir='ltr'>cic.</span> <span class='ocrx_word' id='word_1_249' title='bbox 262 3862 339 3917; x_wconf 74' lang='lat' dir='ltr'>orat.</span> <span class='ocrx_word' id='word_1_250' title='bbox 354 3863 381 3919; x_wconf 82' lang='lat' dir='ltr'>t.</span> <span class='ocrx_word' id='word_1_251' title='bbox 399 3879 457 3931; x_wconf 69' lang='lat' dir='ltr'>seq.</span> <span class='ocrx_word' id='word_1_252' title='bbox 485 3863 562 3917; x_wconf 75' lang='lat' dir='ltr'>arat.</span> <span class='ocrx_word' id='word_1_253' title='bbox 580 3857 626 3915; x_wconf 80' lang='lat' dir='ltr'>ar.</span> <span class='ocrx_word' id='word_1_254' title='bbox 652 3859 724 3914; x_wconf 79' lang='lat' dir='ltr'>erut.</span> <span class='ocrx_word' id='word_1_255' title='bbox 739 3855 883 3912; x_wconf 68' lang='lat' dir='ltr'>aemath.</span> <span class='ocrx_word' id='word_1_256' title='bbox 900 3857 998 3928; x_wconf 68' lang='lat' dir='ltr'>pata.</span> 
     </span>
    </p>
   </div>
   <div class='ocr_carea' id='block_1_7' title="bbox 0 0 1424 4808">
    <p class='ocr_par' dir='ltr' id='par_1_7' title="bbox 0 0 1424 4808">
     <span class='ocr_line' id='line_1_36' title="bbox 0 0 1424 4808; baseline 0 3"><span class='ocrx_word' id='word_1_257' title='bbox 0 0 1424 4808; x_wconf 95' lang='lat' dir='ltr'> </span> 
     </span>
    </p>
   </div>
  </div>
 </body>
</html>
