2838 4808
508 304 715 368 ...29-

65 475 325 563 Harpocrat,
354 493 381 538 s.
398 493 428 536 r.
448 466 649 544 Medocina,
661 468 769 556 (Tem.
788 467 815 536 l.
832 491 864 560 p.
886 471 957 540 tta.
978 471 1081 561 Lips.)

66 574 183 656 φησὶ
220 567 268 634 δὲ
297 567 387 632 αὐτὸν
406 567 627 653 (Mausolum)
656 564 834 652 Θεόπομπος
862 565 983 652 μηδενός
1004 569 1082 638 ἀπέ-

71 679 235 758 χεσθαι
272 662 448 749 πράγματος
472 661 631 746 χριμάτων
650 665 749 760 :trem
795 664 861 730 Sed
887 664 940 731 bic
965 670 1082 732 verim·

74 785 170 834 tem
203 775 360 830 sectatus
380 774 446 826 est:
474 773 539 826 turn
559 761 592 826 id
619 764 758 826 maxirue
779 784 906 848 operam
924 763 1027 842 dedit,
1047 779 1082 829 ut

78 866 285 952 placeret.
321 859 432 944 Atque
452 869 487 921 ut
508 857 650 944 equidem
668 861 798 944 opinor,
818 856 858 925 ab
878 858 933 926 illa
947 863 1081 947 primum

83 957 276 1026 Mausoli
302 956 485 1020 laudatione
517 955 602 1022 illius
637 975 753 1020 nornen
784 954 968 1045 increbruit,
1003 981 1082 1025 mox

9 1043 10 1046 ¹
87 1059 225 1144 gloria
251 1056 441 1118 universam
460 1051 627 1118 Graeciam
649 1053 797 1138 pervasit.
843 1049 926 1118 Nam
943 1054 996 1134 ille
1018 1056 1081 1121 cla-

86 1157 279 1219 rissimas
301 1153 372 1214 eius
388 1163 489 1216 terrae
514 1148 609 1215 urbes
631 1161 663 1217 et
689 1147 762 1212 loca
782 1147 927 1214 ludorum
950 1151 1082 1218 celebri·

90 1265 178 1316 tate
204 1249 478 1333 frequentissima
502 1247 631 1323 adiens,
658 1266 753 1332 qutun
779 1247 812 1308 iu
838 1249 990 1312 concione
1018 1269 1082 1314 nou

94 1349 243 1412 liceret
277 1342 437 1406 derebus
467 1342 520 1406 vel
544 1361 622 1424 pace
649 1339 701 1404 vel
727 1339 810 1406 bello
830 1343 958 1409 utilibus
980 1365 1083 1424 erare,

93 1445 230 1529 legem
258 1440 312 1504 vel
330 1440 465 1504 suadere
492 1438 545 1503 vel
565 1437 766 1515 dissuadere,
790 1440 891 1504 civem
906 1440 1084 1526 improbmn

104 1563 151 1602 ac
182 1539 412 1624 perniciosum
435 1536 520 1620 apud
544 1535 679 1601 iudicem
705 1537 868 1620 persequi,
894 1535 1083 1606 calamitosis

10 1709 16 1718 ι
113 1633 307 1719 opitulari,
333 1630 422 1698 fictas
449 1631 605 1698 tractabat
627 1633 859 1698 controversias
878 1644 971 1718 atque
990 1635 1025 1696 in
1042 1655 1081 1700 eo

117 1750 259 1814 genere
280 1727 459 1794 versabatur
478 1729 623 1806 dicendi,
647 1725 731 1813 quod
755 1725 869 1792 Graeci
893 1725 1084 1796 ἐπιδεικτικὸν

120 1823 388 1910 appellaverunt,
422 1829 496 1912 quia
525 1829 616 1913 quasi
643 1824 684 1888 ad
716 1824 944 1907 inspiciendum
966 1827 1083 1894 lactum

115 1922 302 1986 videretur.
318 1927 350 2000 ¹)
401 1921 466 1986 Sed
492 1935 634 2006 praestat
650 1923 754 2006 ipsum
766 1919 881 1984 -cudire
903 1921 1085 2013 Theopom-

116 2037 220 2100 pum:
254 2018 303 2081 sic
331 2018 418 2082 enim
445 2019 528 2101 apud
546 2017 693 2088 Photinus
713 2017 752 2080 de
773 2037 808 2079 se
828 2021 1003 2103 praedicat:
1042 2019 1083 2096 eis

123 2111 186 2172 οὐκ
212 2110 255 2171 ἂν
285 2109 326 2190 εἴη
348 2109 431 2191 αὐτῷ
456 2111 632 2197 παράλογον
659 2112 891 2194 ἀντιποιουμένῳ
915 2121 975 2180 τῶν
997 2139 1085 2200 rupto·

124 2209 240 2284 vairos,
265 2206 320 2269 οὐκ
339 2204 505 2272 ἐλαττόνων
526 2207 577 2292 μὲν
597 2208 618 2286 ἢ
638 2207 797 2295 δισμυρίων
825 2209 905 2273 ἐπιόν
924 2210 996 2292 τοὺς
1019 2213 1083 2295 inr-

120 2302 297 2378 διικτικοός
324 2310 386 2368 τῶν
413 2303 512 2381 λόγων
539 2308 791 2392 ουννραψαμένῳ·
818 2309 935 2380 πλείους
957 2303 989 2377 δὲ
1012 2303 1084 2390 ἢιέ

126 2395 296 2482 μυριάδας,
323 2401 353 2464 ἐν
382 2398 428 2474 οἷς
456 2398 510 2474 τάς
534 2424 565 2466 τε
592 2407 653 2466 τῶν
669 2401 824 2487 Ἑλλήνων
850 2400 902 2468 καὶ
921 2403 1084 2492 βαρβάρων

128 2493 261 2578 πράξεις
289 2497 367 2581 μέχρι
392 2503 442 2562 νῦν
468 2496 723 2580 ἀπαγγελλόμενον,
748 2501 810 2564 ἔστι
838 2499 951 2584 λαβεῖν·
983 2503 1028 2564 δ’τι
1050 2499 1084 2566 δὲ

132 2591 191 2652 καὶ
211 2588 291 2653 διότι
311 2591 405 2665 ὀὐδείς
425 2593 486 2658 ἐστι
506 2593 602 2664 τόπος
623 2597 721 2670 κοινός
740 2601 800 2658 τῶν
819 2593 985 2678 Ἑλλήνων,
1013 2597 1084 2662 οὐδὲ

131 2684 224 2760 πόλις
249 2685 425 2772 ἀξιόχρεως,
458 2693 497 2764 εἰς
521 2691 557 2773 ἣν
581 2691 671 2768 αὐτὸς
700 2691 754 2756 οὐκ
779 2691 927 2776 ἐπιδημῶν
954 2692 1084 2769 καὶτὰς

131 2790 197 2848 τῶν
222 2782 325 2861 λόγων
352 2785 496 2863 ἕπιδιιξιις
522 2788 697 2869 ποιούμενος
729 2788 794 2873 cdxl
819 2791 897 2873 μέγα
921 2791 1006 2862 κλέος
1032 2793 1084 2858 καὶ

131 2879 300 2964 ὑπόμνημα
322 2888 375 2967 τῆς
402 2885 433 2948 ἒν
458 2882 560 2962 λόγοις
584 2883 680 2950 αὐτοῦ
709 2886 863 2963 κατέλιπεν
884 2885 996 2972 ἀρετῆς.
1046 2889 1084 2957 ln
1149 2948 1151 2952 .

76 3025 81 3038 .
132 3001 200 3065 quo
236 3002 331 3068 quum
362 3005 483 3048 morem
510 2985 684 3047 imitaretur
714 2983 938 3069 sophistarum,
969 3008 1008 3050 eo
1036 3000 1084 3051 ta-

132 3098 209 3140 men
249 3076 292 3141 ab
322 3075 434 3142 borum
465 3079 691 3142 cousuetudine
719 3080 880 3157 discessit,
908 3081 991 3166 quod
1020 3103 1084 3148 uon

139 3187 287 3256 quaestus
314 3175 452 3240 faciendi
484 3195 613 3252 caussa,
640 3189 676 3240 ut
696 3175 757 3250 illi,
787 3174 1001 3256 declamabat,
1027 3181 1084 3244 sed

137 3267 341 3354 eloquentiae
363 3271 478 3334 famam
497 3292 553 3334 ore
571 3293 609 3336 ac
628 3271 773 3337 laudibus
796 3269 989 3339 Graecorum
1008 3277 1084 3342 ferri
1161 3353 1166 3358 ,

136 3365 300 3449 cupiebat
350 3365 414 3430 seu
439 3365 501 3430 hoc
529 3387 632 3451 genus
658 3368 699 3432 ed
719 3359 1084 3436 ostentationem'maxi·

131 3479 187 3524 me
210 3464 339 3550 ingenii
364 3476 395 3525 et
414 3462 571 3549 quandam
593 3463 758 3549 fugitivam
784 3465 975 3552 voluptatem
998 3489 1084 3534 com-

203 3739 227 3805 ¹)
241 3744 298 3802 cic.
310 3745 394 3802 Orat.
406 3743 452 3801 12.
463 3745 499 3800 el.
507 3743 670 3802 Thorueeke
683 3746 717 3801 de
729 3747 822 3802 Asinio
834 3745 902 3800 Poll
912 3762 939 3819 p.
950 3746 997 3804 90.
1007 3735 1082 3854 seqq.
1118 3804 1125 3814 ,
