2838 4808
463 296 672 370 „ds—

74 469 279 539 ''l'irnarehne
309 465 531 542 Antiochense
556 467 717 556 sophista,
744 490 765 534 a
790 489 851 557 quc
878 469 1043 551 Lucienus
1093 541 1094 544 ,

74 592 173 656 quum
196 581 292 634 esset
316 566 494 645 lacessitus,
518 569 723 652 gramssimes
746 565 786 632 ab
806 569 934 634 homine
955 571 1044 636 stoll-

75 668 140 730 dee
156 667 371 750 arrogantiae
390 663 487 750 pleno
505 684 627 750 poenes
646 666 767 749 exegit,
786 667 917 752 eiusque
937 689 1044 736 mores

8 786 25 851 ,2
74 765 290 850 turpissimos
315 773 406 848 atque
433 759 651 826 incredibilem
676 758 904 845 elegantiorum
922 761 1044 834 littera-

74 884 150 924 rum
173 860 351 934 inscitiam,
368 857 504 945 denique
522 855 689 925 ridiculum
710 878 812 942 genus
838 857 964 926 dicendi
981 861 1044 928 hoc

74 955 194 1022 libello
218 957 375 1020 acerrima
393 955 565 1018 insectatus
587 965 642 1018 est
662 1027 664 1034 ,
689 950 722 1018 Is
740 955 838 1038 igitur
856 952 1044 1026 Timarchus

74 1067 197 1118 contra
227 1049 432 1136 Theopompi
460 1048 668 1134 Tricaronum
694 1051 786 1138 quasi
810 1071 917 1130 corant
939 1056 1043 1122 iudico

75 1149 311 1234 declamitans,
331 1147 464 1224 dixerat,
484 1167 557 1210 eum
571 1146 749 1228 tricuspide
770 1149 917 1214 oratione.
936 1149 1044 1220 elaris·

5 1265 9 1296 ὲ
77 1250 185 1326 sinnas
206 1247 354 1312 civitates
371 1243 577 1318 destruxisse,
600 1255 632 1304 et
648 1239 713 1306 alio
725 1239 817 1326 loco,
829 1267 902 1312 eum
920 1243 1046 1332 despr-

5 1303 7 1422 l
79 1347 266 1406 αινιόσαι
287 1338 341 1416 τὴν
359 1336 501 1414 Ἑλλάδα,
528 1336 581 1401 καὶ
599 1331 672 1402 εἶναι
690 1337 887 1422 Κέρβερον
914 1343 1045 1433 (tricipi.

79 1453 153 1512 tem,
172 1437 310 1522 scilicet)
334 1433 366 1500 ἐν
391 1444 456 1508 τοῖς
476 1430 586 1510 λόγοις.
632 1432 788 1501 Nimirum
808 1436 1046 1530 Theopompus,

82 1536 223 1624 siquidv
239 1536 347 1612 video,
367 1543 434 1598 tres
449 1533 613 1618 primarias
625 1543 729 1619 atque,
751 1546 787 1598 ut
800 1536 846 1600 ita
859 1537 972 1617 dicam,
989 1563 1045 1606 ca·

79 1636 214 1716 petales
237 1630 392 1698 Graeciae
412 1628 508 1694 nrbes
525 1630 561 1692 in
583 1626 757 1696 Tricerano
778 1633 1046 1714 criminationibus

84 1729 304 1816 prosciderat.
358 1727 462 1814 Atque
491 1728 526 1790 in
551 1738 657 1808 etymo
688 1729 825 1796 nominis
855 1729 1046 1816 Τρικάρανος

4 1867 5 1872 1
84 1828 181 1890 idem
199 1827 363 1922 Lucienus
394 1823 458 1888 elio
482 1821 555 1888 loco
583 1821 689 1908 Fugit.
711 1823 763 1888 32.
786 1826 935 1896 ,similiter
949 1829 1045 1898 ‘lusit

85 1921 204 1988 Verba
234 1924 310 1988 facit
331 1920 528 1998 Mercurius,
554 1920 669 1984 murus
696 1918 822 2000 olore,
848 1938 883 1991 ut
899 1926 1046 1996 Philoso.

89 2019 202 2104 phiam
232 2018 273 2084 ab
300 2040 409 2082 eorrnn
432 2017 597 2082 homiuum
619 2016 751 2101 flagitiis
783 2021 965 2104 vindicaret,
991 2032 1046 2115 qui

96 2114 156 2176 his
172 2113 360 2200 temporibus
379 2117 457 2180 satis
476 2112 577 2191 multi,
604 2113 714 2178 relicte
742 2116 787 2192 iq,
806 2137 867 2202 que
888 2123 1046 2202 inpetere.

105 2223 215 2274 verant
236 2213 299 2275 vita
317 2210 473 2276 sellularia
492 2213 689 2299 negotiisque
709 2203 924 2293 illiberalihns‚
944 2217 1048 2302 philo.

99 2306 271 2394 sophorum
288 2307 616 2394 hahitumonltumqne
637 2308 796 2392 suscipere
806 2329 1047 2396 consueverant,

4 2479 5 2490 ἵ
98 2426 231 2489 quornm
249 2404 309 2469 sub
328 2408 546 2471 commenticio
567 2402 805 2492 adulterinoque
830 2413 957 2476 nurnine
974 2437 1048 2501 pes·

4 2497 5 2519 ³
99 2503 199 2564 simas
221 2499 368 2564 libidines
393 2515 594 2579 exercerent,
622 2502 876 2590 impudentisque
895 2511 1048 2593 poscendi

98 2619 199 2686 quum
219 2589 375 2661 maximus
394 2598 515 2662 divitias
537 2597 749 2682 collegissent,
777 2597 901 2664 abiecta
920 2603 1048 2668 simula-

97 2699 189 2760 tione
210 2693 364 2782 reliqnam
382 2707 514 2759 aetatem
534 2697 638 2758 securi
661 2698 817 2784 otiosique
844 2697 879 2760 in
907 2701 1047 2766 omnium

33 2803 35 2810 ⁴
95 2791 296 2878 voluptatum
315 2789 506 2856 abundantia
529 2804 623 2877 atqne
648 2794 683 2856 in
707 2790 892 2868 detestabili,
908 2794 1048 2880 flagitio·

96 2911 169 2953 nnn
184 2890 365 2974 impuritate
387 2890 607 2972 transigerent.
658 2886 835 2953 Mercurius
859 2893 955 2974 igitur
977 2915 1048 2960 cum

97 2983 247 3048 Hercule
264 2986 394 3071 ipsaque
413 2983 619 3068 Philosophia
646 2985 686 3050 ed
711 2985 744 3050 id
766 3007 867 3071 genus
887 2985 1048 3056 hominum

100 3080 309 3146 coercendum
332 3079 508 3166 profectus,
542 3079 694 3144 fullonem
726 3082 881 3168 quendam
905 3085 1048 3167 offendit,

104 3182 190 3244 cuim
205 3191 270 3242 tres
281 3175 408 3254 sensuli,
432 3175 621 3257 (lantherus,
641 3177 798 3260 Lecythio
820 3191 852 3242 et
861 3176 1048 3274 Myropnus,

105 3275 213 3340 eodem
234 3273 477 3360 philosophandi
495 3273 602 3342 lurore
627 3276 772 3360 correpti,
794 3294 859 3340 unu
885 3301 956 3344 cum
980 3285 1048 3348 eius

99 3393 204 3436 uxore
226 3371 412 3454 effugerant.
455 3366 600 3446 Quocum
611 3376 731 3437 sociato
746 3375 859 3438 itinero
880 3398 975 3461 quum
986 3377 1048 3444 οῖ.

4 3495 5 3513 ι
97 3468 177 3554 phei
195 3467 315 3531 indicio
337 3466 461 3531 domum
480 3470 613 3532 istorum
635 3470 738 3532 omnis
768 3472 928 3557 nequitiae
948 3477 1049 3560 megi-

102 3579 240 3628 suorum
250 3565 484 3647 cognovissent,
501 3564 663 3629 mulierem
672 3567 757 3628 inuis
770 3563 939 3632 Homerica
952 3579 1049 3660 qnae·

4 3709 5 3736 2
105 3660 180 3723 darn
198 3684 268 3726 curn
289 3659 388 3750 servis
412 3673 591 3728 cantantem
619 3661 759 3725 audiunt.
800 3660 884 3728 Tum
903 3664 1049 3744 dominus

104 3759 151 3836 (ς.
174 3755 252 3839 illl:
274 3753 361 3840 Οἴμοι
379 3754 475 3835 ruitur,
496 3753 555 3820 ὅσα
574 3755 730 3830 πέπονθας
749 3753 807 3822 ὑπὸ
826 3757 920 3826 κυνῶν
939 3765 1050 3832 rouou'.
