2872 4804
669 361 956 429 1-62-

378 529 506 596 τούτου·
536 529 615 617 πρὸς
639 527 674 594 di
699 530 754 612 τὴν
785 530 868 596 κατὰ
897 535 960 596 cois
993 527 1089 613 φίλων
1116 528 1331 618 cinypolnylav

380 617 435 682 οὐκ
456 616 494 682 tir
513 611 597 700 οἶμαι
613 613 778 698 δυνηθῆναι
795 613 888 694 λόγον
904 615 997 680 αὐτὸν
1009 614 1194 692 ἀποδοῦναι,
1212 617 1332 702 wma-

378 703 469 788 ρῇσαι
489 699 534 782 δὲ,
553 698 630 764 διότι
647 699 727 764 πολὺ
745 701 894 784 trapiacus
913 706 969 764 τοῦ
985 697 1183 777 καθήκοντος.

461 787 591 852 Summa
612 788 708 874 igitur
727 789 880 850 orationis
899 784 956 851 Pol
979 785 1093 852 bianae
1118 807 1158 850 eo
1175 786 1272 866 redit,
1293 801 1331 849 nt

378 871 618 960 Theopompum
640 885 673 934 ct
687 871 862 956 pugnantia
875 884 908 933 et
925 808 1007 934 laba
1024 872 1198 957 scripsisse,
1220 872 1255 935 in
1272 873 1330 949 iis,-

377 979 438 1042 qne
458 977 575 1040 magna
598 975 690 1018 usum
718 975 790 1018 esse
819 953 984 1018 verborum
1011 953 1202 1041 turpitudine
1232 955 1329 1019 dicat.

377 1043 438 1104 llis
457 1061 537 1128 quae
553 1039 759 1124 respondean,
777 1059 842 1102 non
856 1037 998 1102 difficilia
1014 1051 1089 1101 sunt
1106 1037 1146 1101 ad
1164 1042 1329 1123 reperien-

376 1126 458 1188 dum.
499 1124 624 1188 Etenim
644 1143 741 1208 quum
761 1124 910 1186 maximis
928 1121 1032 1187 rebus
1043 1124 1143 1208 gestis
1164 1145 1200 1187 ae
1218 1123 1327 1208 gloria

375 1209 456 1274 Phili
479 1212 514 1294 pi
543 1209 584 1271 ad
614 1205 814 1271 scribendum
839 1227 875 1271 se
910 1221 1101 1272 commotum
1129 1228 1202 1271 esse
1228 1207 1325 1286 dixit,
1412 1259 1413 1274 t

375 1315 439 1360 uon
457 1232 518 1357 hoc
539 1292 632 1368 dixit,
652 1289 731 1354 nibil
743 1311 814 1354 ease
832 1292 867 1356 in
885 1290 952 1369 illo,
973 1293 1037 1354 uisi
1058 1293 1142 1376 quod
1158 1305 1325 1376 praestans
1412 1285 1413 1364 l

374 1401 412 1442 ao
425 1373 590 1441 'laudabile
610 1388 705 1450 esset,
726 1374 790 1446 sed,
803 1375 836 1438 id
853 1389 929 1461 puto
949 1373 1118 1451 intellexit,
1144 1375 1324 1462 Philippum

374 1463 522 1546 ingenio,
547 1457 746 1536 fortitudine,
797 1461 928 1524 atientia
955 1457 1048 1522 facila
1071 1462 1251 1544 principem
1276 1465 1320 1524 sui
1413 1480 1414 1508 ¹

374 1543 493 1610 saeculi
512 1563 597 1618 esse;
615 1541 750 1608 eundem
769 1481 876 1621 daem,
894 1544 1055 1621 iustitiam,
1073 1546 1320 1630 temperantiam,

371 1630 536 1778 pudorem,
557 1629 733 1691 castitatem
756 1626 862 1690 multis
889 1629 924 1690 in
945 1627 1025 1691 locis
1046 1625 1125 1692 nihil
1148 1631 1244 1713 pensi
1269 1628 1322 1692 ha·

394 1716 489 1777 uisse.
532 1710 631 1775 Cuius
655 1713 713 1774 viri
732 1714 939 1796 virtutesque
958 1708 1012 1774 ille
1030 1710 1252 1776 vehementius
1270 1713 1323 1776 ad·
1409 1732 1412 1773 1

370 1796 554 1874 mirabatur,
577 1794 754 1859 laudandus
774 1805 824 1859 est
849 1797 956 1881 potins
975 1815 1069 1880 qnam
1086 1794 1322 1882 reprehenden·
1411 1787 1412 1804 ¹

372 1883 443 1959 dus,
462 1881 802 1967 quodmoresminime
818 1876 999 1965 probandos
1012 1883 1218 1944 existimavit.
1257 1879 1324 1946 Ne-
1409 1955 1410 1961 ἵ

393 1987 433 2028 ue
454 1966 488 2028 in
507 1985 546 2027 eo
567 1975 625 2040 est,
643 1963 727 2050 qnod
742 1965 951 2027 constantiam
970 1964 1131 2048 scriptoris
1148 1965 1324 2030 desideres.
1408 1982 1409 2000 ¹

371 1989 472 2114 l'elut
486 2050 519 2122 si
537 2050 607 2134 quis
630 2047 669 2110 de
689 2049 830 2113 maximo
850 2047 963 2110 horum
984 2058 1160 2132 temporum
1179 2047 1322 2129 homine,
1406 2113 1409 2136 ,

369 2130 556 2221 Napoleone
575 2129 779 2218 Imperatore,
798 2129 936 2195 scribere
958 2151 1139 2216 aggressae,
1160 2132 1262 2216 rriulta
1283 2137 1320 2200 de
1406 2140 1409 2149 '

369 2217 453 2282 illiue
470 2217 649 2303 prudentia,
665 2215 859 2292 fortitudine,
877 2218 1007 2300 ingenio
1026 2215 1234 2300 praedicaret,
1256 2240 1316 2283 non
1371 2265 1384 2282 0

368 2302 453 2364 idem
474 2303 623 2364 continno
644 2299 784 2362 mendax
803 2312 835 2362 et
853 2299 1024 2362 maledicus
1041 2297 1207 2379 habeatnr,
1227 2302 1311 2366 siilli
1407 2312 1410 2325 ’

369 2383 595 2459 crudelitatem,
613 2383 809 2460 iniustitiam,
829 2381 1042 2458 ambitionem,
1062 2383 1161 2447 multa
1178 2387 1316 2470 pessima

367 2469 510 2532 facinora
531 2463 790 2551 exprobraverit„
831 2462 936 2540 Quidl
983 2467 1047 2528 uod
1076 2466 1231 2550 Polybius
1260 2474 1318 2536 im·

366 2554 542 2638 peratorias
554 2549 691 2635 Philippi
706 2550 838 2612 virtutes
857 2551 903 2612 sic
921 2487 1076 2634 preibant,
1094 2564 1130 2614 ut
1148 2554 1227 2618 vitia
1250 2557 1320 2622 eius
1408 2571 1412 2593 ·

367 2635 419 2700 vel
438 2637 578 2700 maxima
591 2637 739 2720 ignorare
758 2633 811 2696 vel
825 2632 1022 2697 dissimulare
1043 2635 1196 2700 videatur.
1233 2635 1320 2704 Nam

367 2718 609 2804 Theopompum
629 2717 668 2781 de
690 2719 820 2802 ingenio
841 2715 978 2802 Philippi
1003 2717 1102 2799 mult-o
1127 2722 1244 2784 rectius
1266 2725 1321 2786 in-

367 2805 500 2880 dicasse,
521 2805 668 2866 etscinnt
687 2803 721 2878 ii,
742 2801 795 2890 qui
807 2801 876 2863 eins
897 2804 968 2863 aevi
985 2814 1187 2866 monumenta
1203 2805 1319 2886 paullo
1410 2852 1412 2861 .

366 2887 548 2972 diligentius
567 2896 790 2961 necaverunt,
820 2894 852 2947 et
872 2884 1092 2949 demonstrabo
1113 2899 1178 2950 tunt
1194 2887 1229 2949 in
1247 2887 1321 2960 fra-

357 2973 512 3056 ¹gmentis‚
532 2983 596 3032 tum
612 2969 747 3032 fortasse
764 2968 950 3046 accuratius,
971 2969 1149 3054 siquando,
1167 2971 1251 3058 qnod
1265 2985 1319 3038 est

364 3058 398 3118 in
418 3057 512 3133 votis,
533 3052 671 3139 Philippi
688 3051 851 3116 historiam
870 3052 966 3116 edere
987 3055 1164 3138 «contigerit⁸
1206 3052 1317 3120 Unum

364 3159 429 3202 non
457 3140 678 3224 praestiterim,
708 3136 791 3221 quod
817 3158 890 3200 eum
918 3134 1070 3219 Polybius
1098 3138 1206 3201 verbis
1232 3161 1317 3204 nou-

364 3244 524 3308 nunqnem
551 3224 655 3286 minus
690 3220 875 3284 verecundis
901 3241 994 3287 usum
1025 3242 1096 3285 esse
1123 3224 1244 3306 arguit:
1278 3227 1315 3288 in

363 3328 426 3394 quo
448 3305 502 3368 ille
521 3327 632 3391 parum
659 3305 781 3389 ingenii
809 3307 859 3368 sui
882 3302 1099 3368 vehementiae
1125 3306 1316 3371 moderaba-

363 3404 423 3454 tur.
464 3383 559 3464 Quod
578 3402 682 3452 autem
699 3388 786 3452 addit
803 3385 966 3470 Polybius,
990 3409 1062 3452 enm
1085 3389 1214 3469 relictis,
1233 3411 1315 3478 qaas

361 3473 585 3550 inchoaverat,
613 3470 710 3536 rebus
736 3470 867 3536 Graecis
903 3471 944 3534 ad
976 3470 1112 3558 Philippi
1146 3473 1315 3541 historiam

362 3560 521 3633 transiise,
551 3577 645 3642 quum
670 3558 792 3619 externi
818 3554 955 3619 hominis
979 3554 1074 3619 rebus
1095 3559 1194 3642 gestis
1211 3558 1313 3622 histo·

361 3642 440 3704 riam
460 3640 658 3726 popularium
678 3641 837 3726 praeferre
859 3635 1034 3717 debuisset:
1060 3641 1093 3704 id
1113 3662 1154 3704 an
1176 3639 1313 3706 Graecis

361 3722 524 3874 ἓίαοιιοιίι,
542 3722 671 3799 dubitet
694 3722 786 3788 nobis
814 3720 943 3808 quidem
957 3722 1150 3788 levissimum
1171 3725 1310 3790 videtur.

392 3829 414 3874 x
432 3829 495 3896 qno
514 3810 577 3874 uisi
594 3806 634 3873 ab
657 3808 874 3876 inimicissimo
895 3819 938 3886 et,
974 3819 1010 3873 ut
1033 3809 1311 3896 ingenuedieam,
1416 3849 1417 3870 t
