2854 4794
432 1285 831 1360 commentario

597 1443 659 1496 DE

183 1579 468 1671 remoramur
492 1573 1068 1655 cm1vrmnrscn1rns.
1118 1556 1121 1566 ’

525 1757 727 1774 m

148 1843 237 1974 Ex
264 1929 374 1976 eorum
402 1929 535 1974 numero
561 1909 761 1994 scriptorum,
790 1905 904 1996 quihus
934 1907 987 1974 vel
1007 1905 1102 1973 Criti-

149 2029 260 2074 corum
279 2008 437 2070 sententia
455 2017 491 2071 et.
507 2007 676 2069 auctoritas
701 2003 753 2073 vel
782 2003 955 2070 communis
976 2005 1101 2092 quidam

150 2105 340 2168 iudiciorum
377 2121 550 2165 consensus
584 2102 757 2187 principem
793 2105 842 2178 in⁴
863 2101 995 2172 historia
1024 2105 1102 2166 scri·

148 2197 255 2262 benda
275 2195 381 2260 locum
399 2197 592 2281 assignavit,
610 2209 682 2261 ¹tres
701 2211 823 2262 tantum
844 2201 1028 2283 superstites
1044 2197 1101 2262 ha·

146 2293 276 2370 bemus,
315 2291 536 2370 Herodotum,
571 2287 809 2378 Thucydidem,
843 2289 1100 2380 Xenophontem.

147 2389 273 2466 Quibus
294 2393 347 2478 qui
369 2385 445 2454 olim
468 2387 614 2452 videntur
635 2391 775 2456 adiuncti
796 2391 913 2468 fuisse,
939 2389 1102 2470 Philistus,

148 2487 394 2572 Theopompus,
424 2483 590 2570 Ephorus,
620 2487 857 2566 Anaximenes,
889 2485 1100 2553 Callisthenes

150 2599 183 2649 et
205 2583 400 2660 Clitarchus,
422 2603 532 2646 eorum
552 2605 626 2648 rara
645 2584 821 2648 inerudita
843 2585 1027 2669 antiquitate
1045 2606 1101 2648 ve·
1141 2646 1154 2672 Ι,

45 2717 49 2723 -
147 2684 244 2768 stigia
263 2679 452 2766 colligimus.
494 2679 560 2743 Sed
579 2677 673 2744 nobis
692 2699 733 2744 ne
752 2683 875 2744 minuta
895 2679 1021 2767 quidem
1041 2684 1100 2746 im·

145 2781 232 2842 mitis
252 2778 448 2864 tempestatis
464 2774 617 2864 reliquiae
641 2775 888 2842 contemnendae
910 2790 1006 2841 sunt:'
1022 2797 1100 2864 quas

147 2898 213 2940 nou
238 2877 308 2938 sine
334 2892 452 2958 magno
487 2883 519 2936 et
548 2871 710 2938 doctrinae
736 2886 769 2936 et
800 2871 970 2960 voluptatis
996 2873 1100 2940 fructu
1177 2930 1185 2942 .

146 2995 191 3036 ex
209 2969 316 3038 multis
335 2970 564 3054 disparatisquc
583 2966 664 3032 locis
685 2972 874 3056 congregari
898 2981 991 3056 atque
1015 2992 1101 3036 com·

146 3073 233 3154 poni,
255 3089 320 3132 una
341 3077 373 3130 et
393 3066 596 3129 consentiens
614 3063 777 3134 doctorum
804 3065 967 3131 hominum
992 3071 1100 3153 opinio
1195 3052 1198 3070 ¹

150 3179 208 3227 est,
254 3163 372 3230 Amavi
400 3160 604 3240 Ciceronem,
640 3164 710 3248 qui,
741 3175 890 3255 quaestor
918 3165 954 3227 in
981 3161 1102 3242 Sicilia,

149 3259 346 3325 Archimedis
366 3255 562 3344 sepulcrum,
585 3272 708 3344 septum
735 3260 873 3348 undique
902 3273 935 3326 et
953 3263 1102 3325 vestitum

148 3355 299 3441 vepribus
319 3369 351 3420 et
369 3354 504 3420 dumetis
530 3367 626 3444 atque
654 3354 695 3446 ab
720 3358 799 3442 ipsis
820 3355 958 3422 horninis
986 3359 1102 3420 acutis·

147 3453 222 3516 simi
240 3449 362 3517 civibus
386 3455 584 3542 ignorauuu,
609 3453 774 3538 indagavit
798 3467 892 3542 atque
921 3455 1053 3539 aperuit
1072 3451 1101 3537 ¹)

148 3547 217 3623 Nec
245 3547 389 3635 proiecto
412 3548 512 3616 rrlluru
541 3563 591 3614 est
620 3571 723 3636 genus
749 3547 867 3616 laboris
897 3563 952 3616 ant
979 3549 1101 3616 drdcius

221 3869 636 3944 Offichmffimvdl
