<?xml version="1.0" encoding="UTF-8"?>
<!DOCTYPE html PUBLIC "-//W3C//DTD XHTML 1.0 Transitional//EN"
    "http://www.w3.org/TR/xhtml1/DTD/xhtml1-transitional.dtd">
<html xmlns="http://www.w3.org/1999/xhtml" xml:lang="en" lang="en">
 <head>
  <title>
</title>
<meta http-equiv="Content-Type" content="text/html;charset=utf-8" />
  <meta name='ocr-system' content='tesseract 3.04.00' />
  <meta name='ocr-capabilities' content='ocr_page ocr_carea ocr_par ocr_line ocrx_word'/>
</head>
<body>
  <div class='ocr_page' id='page_1' title='image "./detheopompichii01pflugoog_0028.png"; bbox 0 0 2838 4808; ppageno 0'>
   <div class='ocr_carea' id='block_1_1' title="bbox 445 347 695 422">
    <p class='ocr_par' dir='ltr' id='par_1_1' title="bbox 445 347 695 422">
     <span class='ocr_line' id='line_1_1' title="bbox 445 347 695 422; baseline 0.016 -7"><span class='ocrx_word' id='word_1_1' title='bbox 445 347 695 422; x_wconf 39' lang='lat' dir='ltr'>,uii-</span> 
     </span>
    </p>
   </div>
   <div class='ocr_carea' id='block_1_2' title="bbox 107 520 1057 600">
    <p class='ocr_par' dir='ltr' id='par_1_2' title="bbox 107 520 1057 600">
     <span class='ocr_line' id='line_1_2' title="bbox 107 520 1057 600; baseline 0.002 -13"><span class='ocrx_word' id='word_1_2' title='bbox 107 523 299 588; x_wconf 82' lang='lat' dir='ltr'>daemonios</span> <span class='ocrx_word' id='word_1_3' title='bbox 318 522 503 588; x_wconf 80' lang='lat' dir='ltr'>inimicitias</span> <span class='ocrx_word' id='word_1_4' title='bbox 531 532 727 600; x_wconf 73' lang='lat' dir='ltr'>exercentes,</span> <span class='ocrx_word' id='word_1_5' title='bbox 751 521 931 585; x_wconf 84' lang='lat' dir='ltr'>universam</span> <span class='ocrx_word' id='word_1_6' title='bbox 957 520 1057 589; x_wconf 77' lang='lat' dir='ltr'>Gree-</span> 
     </span>
    </p>
   </div>
   <div class='ocr_carea' id='block_1_3' title="bbox 22 615 1057 686">
    <p class='ocr_par' dir='ltr' id='par_1_3' title="bbox 22 615 1057 686">
     <span class='ocr_line' id='line_1_3' title="bbox 22 615 1057 686; baseline 0.003 -3"><span class='ocrx_word' id='word_1_7' title='bbox 22 615 23 646; x_wconf 77' lang='lat'>³</span> <span class='ocrx_word' id='word_1_8' title='bbox 108 623 193 683; x_wconf 87' lang='lat' dir='ltr'>ciam</span> <span class='ocrx_word' id='word_1_9' title='bbox 216 620 258 682; x_wconf 85' lang='lat' dir='ltr'>ed</span> <span class='ocrx_word' id='word_1_10' title='bbox 285 621 467 684; x_wconf 85' lang='lat' dir='ltr'>societatem</span> <span class='ocrx_word' id='word_1_11' title='bbox 493 616 571 682; x_wconf 85' lang='lat' dir='ltr'>beili</span> <span class='ocrx_word' id='word_1_12' title='bbox 591 633 699 683; x_wconf 85' lang='lat' dir='ltr'>eontra</span> <span class='ocrx_word' id='word_1_13' title='bbox 715 635 897 682; x_wconf 81' lang='lat' dir='ltr'>communes</span> <span class='ocrx_word' id='word_1_14' title='bbox 918 623 1057 686; x_wconf 87' lang='lat' dir='ltr'>omnium</span> 
     </span>
    </p>
   </div>
   <div class='ocr_carea' id='block_1_4' title="bbox 22 713 1056 1870">
    <p class='ocr_par' dir='ltr' id='par_1_4' title="bbox 22 713 1056 1870">
     <span class='ocr_line' id='line_1_4' title="bbox 105 713 1054 801; baseline 0.002 -21"><span class='ocrx_word' id='word_1_15' title='bbox 105 715 266 780; x_wconf 79' lang='lat' dir='ltr'>libertatis</span> <span class='ocrx_word' id='word_1_16' title='bbox 285 715 392 780; x_wconf 87' lang='lat' dir='ltr'>hostes</span> <span class='ocrx_word' id='word_1_17' title='bbox 416 716 553 800; x_wconf 80' lang='lat' dir='ltr'>gerendi</span> <span class='ocrx_word' id='word_1_18' title='bbox 581 719 787 782; x_wconf 78' lang='lat' dir='ltr'>concitarent:</span> <span class='ocrx_word' id='word_1_19' title='bbox 813 717 907 801; x_wconf 89' lang='lat' dir='ltr'>primi</span> <span class='ocrx_word' id='word_1_20' title='bbox 928 713 1001 780; x_wconf 88' lang='lat' dir='ltr'>Chii</span> <span class='ocrx_word' id='word_1_21' title='bbox 1019 721 1054 782; x_wconf 90' lang='lat' dir='ltr'>in</span> 
     </span>
     <span class='ocr_line' id='line_1_5' title="bbox 104 807 839 898; baseline -0.004 -22"><span class='ocrx_word' id='word_1_22' title='bbox 104 826 218 898; x_wconf 81' lang='lat' dir='ltr'>partes</span> <span class='ocrx_word' id='word_1_23' title='bbox 239 815 428 898; x_wconf 81' lang='lat' dir='ltr'>transgressi</span> <span class='ocrx_word' id='word_1_24' title='bbox 455 825 538 888; x_wconf 80' lang='lat' dir='ltr'>tunt,</span> <span class='ocrx_word' id='word_1_25' title='bbox 557 812 584 896; x_wconf 78' lang='lat'>⁸)</span> <span class='ocrx_word' id='word_1_26' title='bbox 609 809 733 897; x_wconf 86' lang='lat' dir='ltr'>Olymp.</span> <span class='ocrx_word' id='word_1_27' title='bbox 750 811 787 888; x_wconf 90' lang='lat' dir='ltr'>C,</span> <span class='ocrx_word' id='word_1_28' title='bbox 808 807 839 873; x_wconf 78' lang='grc'>4.</span> 
     </span>
     <span class='ocr_line' id='line_1_6' title="bbox 22 903 1056 997; baseline 0.005 -25"><span class='ocrx_word' id='word_1_29' title='bbox 22 903 24 916; x_wconf 70' lang='lat'>&#39;</span> <span class='ocrx_word' id='word_1_30' title='bbox 49 925 73 944; x_wconf 61' lang='lat'>⁵</span> <span class='ocrx_word' id='word_1_31' title='bbox 194 909 242 973; x_wconf 89' lang='lat' dir='ltr'>Eo</span> <span class='ocrx_word' id='word_1_32' title='bbox 264 912 334 995; x_wconf 90' lang='lat' dir='ltr'>ipso</span> <span class='ocrx_word' id='word_1_33' title='bbox 357 923 498 994; x_wconf 90' lang='lat' dir='ltr'>tempore</span> <span class='ocrx_word' id='word_1_34' title='bbox 517 906 780 972; x_wconf 85' lang='lat' dir='ltr'>Damesistrntnm</span> <span class='ocrx_word' id='word_1_35' title='bbox 797 927 867 971; x_wconf 87' lang='lat' dir='ltr'>cnm</span> <span class='ocrx_word' id='word_1_36' title='bbox 885 907 955 973; x_wconf 84' lang='lat' dir='ltr'>aliis</span> <span class='ocrx_word' id='word_1_37' title='bbox 975 912 1056 997; x_wconf 88' lang='lat' dir='ltr'>opti·</span> 
     </span>
     <span class='ocr_line' id='line_1_7' title="bbox 22 999 1056 1092; baseline 0.003 -23"><span class='ocrx_word' id='word_1_38' title='bbox 22 1001 27 1040; x_wconf 74' lang='lat'>⁵</span> <span class='ocrx_word' id='word_1_39' title='bbox 108 1007 239 1070; x_wconf 85' lang='lat' dir='ltr'>matium</span> <span class='ocrx_word' id='word_1_40' title='bbox 273 1005 440 1092; x_wconf 82' lang='lat' dir='ltr'>expulsum</span> <span class='ocrx_word' id='word_1_41' title='bbox 482 1025 552 1070; x_wconf 87' lang='lat' dir='ltr'>esse</span> <span class='ocrx_word' id='word_1_42' title='bbox 590 1005 735 1069; x_wconf 86' lang='lat' dir='ltr'>coniicio.</span> <span class='ocrx_word' id='word_1_43' title='bbox 800 999 895 1080; x_wconf 82' lang='lat' dir='ltr'>Quod</span> <span class='ocrx_word' id='word_1_44' title='bbox 932 1008 960 1074; x_wconf 82' lang='lat' dir='ltr'>si</span> <span class='ocrx_word' id='word_1_45' title='bbox 999 1030 1056 1072; x_wconf 87' lang='lat' dir='ltr'>re·</span> 
     </span>
     <span class='ocr_line' id='line_1_8' title="bbox 108 1098 1055 1188; baseline 0.004 -23"><span class='ocrx_word' id='word_1_46' title='bbox 108 1105 179 1166; x_wconf 88' lang='lat' dir='ltr'>runi</span> <span class='ocrx_word' id='word_1_47' title='bbox 205 1115 271 1180; x_wconf 88' lang='lat' dir='ltr'>est,</span> <span class='ocrx_word' id='word_1_48' title='bbox 302 1116 339 1166; x_wconf 91' lang='lat' dir='ltr'>nt</span> <span class='ocrx_word' id='word_1_49' title='bbox 365 1115 413 1166; x_wconf 83' lang='lat' dir='ltr'>est</span> <span class='ocrx_word' id='word_1_50' title='bbox 439 1115 523 1166; x_wconf 86' lang='lat' dir='ltr'>certe</span> <span class='ocrx_word' id='word_1_51' title='bbox 552 1103 620 1165; x_wconf 84' lang='lat' dir='ltr'>veri</span> <span class='ocrx_word' id='word_1_52' title='bbox 640 1099 847 1179; x_wconf 88' lang='lat' dir='ltr'>simillimum,</span> <span class='ocrx_word' id='word_1_53' title='bbox 875 1098 1055 1188; x_wconf 87' lang='lat' dir='ltr'>Theopom-</span> 
     </span>
     <span class='ocr_line' id='line_1_9' title="bbox 104 1197 1055 1284; baseline 0.007 -24"><span class='ocrx_word' id='word_1_54' title='bbox 104 1221 199 1284; x_wconf 88' lang='lat' dir='ltr'>pum,</span> <span class='ocrx_word' id='word_1_55' title='bbox 235 1213 386 1284; x_wconf 81' lang='lat' dir='ltr'>paternae</span> <span class='ocrx_word' id='word_1_56' title='bbox 417 1197 602 1263; x_wconf 84' lang='lat' dir='ltr'>oaiemitatis</span> <span class='ocrx_word' id='word_1_57' title='bbox 628 1200 764 1276; x_wconf 90' lang='lat' dir='ltr'>socium,</span> <span class='ocrx_word' id='word_1_58' title='bbox 797 1211 864 1262; x_wconf 88' lang='lat' dir='ltr'>tum</span> <span class='ocrx_word' id='word_1_59' title='bbox 889 1199 1055 1268; x_wconf 82' lang='lat' dir='ltr'><strong>admodum</strong></span> 
     </span>
     <span class='ocr_line' id='line_1_10' title="bbox 22 1289 1055 1380; baseline 0.006 -23"><span class='ocrx_word' id='word_1_60' title='bbox 22 1301 23 1310; x_wconf 52' lang='lat'><em>³</em></span> <span class='ocrx_word' id='word_1_61' title='bbox 107 1309 221 1359; x_wconf 89' lang='lat' dir='ltr'>tenera</span> <span class='ocrx_word' id='word_1_62' title='bbox 239 1309 341 1360; x_wconf 86' lang='lat' dir='ltr'>aetate</span> <span class='ocrx_word' id='word_1_63' title='bbox 365 1295 465 1358; x_wconf 83' lang='lat' dir='ltr'>fnisse</span> <span class='ocrx_word' id='word_1_64' title='bbox 491 1306 625 1380; x_wconf 84' lang='lat' dir='ltr'>oportet.</span> <span class='ocrx_word' id='word_1_65' title='bbox 672 1289 836 1368; x_wconf 81' lang='lat' dir='ltr'>Quaeres</span> <span class='ocrx_word' id='word_1_66' title='bbox 857 1306 979 1362; x_wconf 87' lang='lat' dir='ltr'>tantum</span> <span class='ocrx_word' id='word_1_67' title='bbox 999 1297 1055 1362; x_wconf 86' lang='lat' dir='ltr'>ah·</span> 
     </span>
     <span class='ocr_line' id='line_1_11' title="bbox 108 1391 1054 1474; baseline 0.004 -20"><span class='ocrx_word' id='word_1_68' title='bbox 108 1403 173 1468; x_wconf 86' lang='lat' dir='ltr'>est,</span> <span class='ocrx_word' id='word_1_69' title='bbox 202 1404 239 1456; x_wconf 89' lang='lat' dir='ltr'>ut</span> <span class='ocrx_word' id='word_1_70' title='bbox 264 1391 393 1456; x_wconf 82' lang='lat' dir='ltr'>officere</span> <span class='ocrx_word' id='word_1_71' title='bbox 418 1403 545 1454; x_wconf 85' lang='lat' dir='ltr'>nostrae</span> <span class='ocrx_word' id='word_1_72' title='bbox 573 1391 747 1453; x_wconf 79' lang='lat' dir='ltr'>sententiae</span> <span class='ocrx_word' id='word_1_73' title='bbox 769 1393 885 1474; x_wconf 74' lang='lat' dir='ltr'>possit,</span> <span class='ocrx_word' id='word_1_74' title='bbox 921 1405 958 1456; x_wconf 87' lang='lat' dir='ltr'>ut</span> <span class='ocrx_word' id='word_1_75' title='bbox 984 1415 1054 1458; x_wconf 84' lang='lat' dir='ltr'>eam</span> 
     </span>
     <span class='ocr_line' id='line_1_12' title="bbox 108 1483 1053 1572; baseline 0.006 -22"><span class='ocrx_word' id='word_1_76' title='bbox 108 1491 202 1552; x_wconf 84' lang='lat' dir='ltr'>etiam</span> <span class='ocrx_word' id='word_1_77' title='bbox 240 1487 431 1554; x_wconf 81' lang='lat' dir='ltr'>confirmare</span> <span class='ocrx_word' id='word_1_78' title='bbox 461 1486 617 1550; x_wconf 88' lang='lat' dir='ltr'>videatur.</span> <span class='ocrx_word' id='word_1_79' title='bbox 675 1483 758 1551; x_wconf 85' lang='lat' dir='ltr'>Nam</span> <span class='ocrx_word' id='word_1_80' title='bbox 791 1486 819 1548; x_wconf 90' lang='lat' dir='ltr'>si</span> <span class='ocrx_word' id='word_1_81' title='bbox 849 1491 917 1572; x_wconf 87' lang='lat' dir='ltr'>quis</span> <span class='ocrx_word' id='word_1_82' title='bbox 948 1489 1053 1556; x_wconf 83' lang='lat' dir='ltr'>Photii</span> 
     </span>
     <span class='ocr_line' id='line_1_13' title="bbox 106 1579 1053 1670; baseline 0.006 -23"><span class='ocrx_word' id='word_1_83' title='bbox 106 1583 221 1661; x_wconf 85' lang='lat' dir='ltr'>verba,</span> <span class='ocrx_word' id='word_1_84' title='bbox 248 1607 269 1646; x_wconf 83' lang='lat' dir='ltr'>a</span> <span class='ocrx_word' id='word_1_85' title='bbox 288 1581 403 1670; x_wconf 87' lang='lat' dir='ltr'>quihus</span> <span class='ocrx_word' id='word_1_86' title='bbox 423 1582 524 1644; x_wconf 85' lang='lat' dir='ltr'>omnis</span> <span class='ocrx_word' id='word_1_87' title='bbox 549 1580 628 1646; x_wconf 86' lang='lat' dir='ltr'>haec</span> <span class='ocrx_word' id='word_1_88' title='bbox 649 1579 816 1666; x_wconf 88' lang='lat' dir='ltr'>disputatio</span> <span class='ocrx_word' id='word_1_89' title='bbox 837 1585 977 1667; x_wconf 81' lang='lat' dir='ltr'>proiecta</span> <span class='ocrx_word' id='word_1_90' title='bbox 995 1602 1053 1668; x_wconf 82' lang='lat' dir='ltr'>est,</span> 
     </span>
     <span class='ocr_line' id='line_1_14' title="bbox 110 1678 1053 1773; baseline 0.002 -30"><span class='ocrx_word' id='word_1_91' title='bbox 110 1680 215 1764; x_wconf 84' lang='lat' dir='ltr'>paullo</span> <span class='ocrx_word' id='word_1_92' title='bbox 238 1679 419 1765; x_wconf 78' lang='lat' dir='ltr'>d&#39;digentius</span> <span class='ocrx_word' id='word_1_93' title='bbox 444 1678 707 1755; x_wconf 81' lang='lat' dir='ltr'>consideraverit,</span> <span class='ocrx_word' id='word_1_94' title='bbox 731 1697 795 1741; x_wconf 92' lang='lat' dir='ltr'>non</span> <span class='ocrx_word' id='word_1_95' title='bbox 823 1678 950 1761; x_wconf 90' lang='lat' dir='ltr'>duhito,</span> <span class='ocrx_word' id='word_1_96' title='bbox 979 1689 1053 1773; x_wconf 79' lang='lat' dir='ltr'>quin</span> 
     </span>
     <span class='ocr_line' id='line_1_15' title="bbox 110 1772 1055 1870; baseline 0.004 -31"><span class='ocrx_word' id='word_1_97' title='bbox 110 1779 279 1839; x_wconf 78' lang='lat' dir='ltr'>irritaturus</span> <span class='ocrx_word' id='word_1_98' title='bbox 315 1777 360 1838; x_wconf 86' lang='lat' dir='ltr'>sit·</span> <span class='ocrx_word' id='word_1_99' title='bbox 383 1776 483 1858; x_wconf 91' lang='lat' dir='ltr'>primo</span> <span class='ocrx_word' id='word_1_100' title='bbox 503 1772 674 1837; x_wconf 82' lang='lat' dir='ltr'>stultitiam</span> <span class='ocrx_word' id='word_1_101' title='bbox 704 1772 860 1852; x_wconf 81' lang='lat' dir='ltr'>hominis,</span> <span class='ocrx_word' id='word_1_102' title='bbox 893 1781 945 1864; x_wconf 89' lang='lat' dir='ltr'>qni</span> <span class='ocrx_word' id='word_1_103' title='bbox 980 1799 1055 1870; x_wconf 85' lang='lat' dir='ltr'>quot</span> 
     </span>
    </p>
   </div>
   <div class='ocr_carea' id='block_1_5' title="bbox 110 1861 1156 1958">
    <p class='ocr_par' dir='ltr' id='par_1_5' title="bbox 110 1861 1156 1958">
     <span class='ocr_line' id='line_1_16' title="bbox 110 1861 1156 1958; baseline 0.011 -22"><span class='ocrx_word' id='word_1_104' title='bbox 110 1893 210 1936; x_wconf 89' lang='lat' dir='ltr'>annos</span> <span class='ocrx_word' id='word_1_105' title='bbox 241 1869 467 1957; x_wconf 83' lang='lat' dir='ltr'>Theopompus</span> <span class='ocrx_word' id='word_1_106' title='bbox 506 1868 546 1934; x_wconf 90' lang='lat' dir='ltr'>ah</span> <span class='ocrx_word' id='word_1_107' title='bbox 585 1869 701 1934; x_wconf 87' lang='lat' dir='ltr'>exsilio</span> <span class='ocrx_word' id='word_1_108' title='bbox 740 1870 868 1935; x_wconf 85' lang='lat' dir='ltr'>rediens</span> <span class='ocrx_word' id='word_1_109' title='bbox 884 1873 1053 1958; x_wconf 85' lang='lat' dir='ltr'>hahuerit,</span> <span class='ocrx_word' id='word_1_110' title='bbox 1141 1861 1156 1908; x_wconf 69' lang='grc'><strong>”</strong></span> 
     </span>
    </p>
   </div>
   <div class='ocr_carea' id='block_1_6' title="bbox 25 1967 1133 3408">
    <p class='ocr_par' dir='ltr' id='par_1_6' title="bbox 25 1967 1133 3008">
     <span class='ocr_line' id='line_1_17' title="bbox 108 1967 1053 2058; baseline -0.002 -28"><span class='ocrx_word' id='word_1_111' title='bbox 108 1980 347 2044; x_wconf 90' lang='lat' dir='ltr'>commemoret,</span> <span class='ocrx_word' id='word_1_112' title='bbox 362 1967 491 2052; x_wconf 81' lang='lat' dir='ltr'>&#39;qnando</span> <span class='ocrx_word' id='word_1_113' title='bbox 513 1978 605 2030; x_wconf 85' lang='lat' dir='ltr'>natus</span> <span class='ocrx_word' id='word_1_114' title='bbox 627 1969 685 2043; x_wconf 88' lang='lat' dir='ltr'>sit,</span> <span class='ocrx_word' id='word_1_115' title='bbox 701 1969 841 2032; x_wconf 82' lang='lat' dir='ltr'>reticeat.</span> <span class='ocrx_word' id='word_1_116' title='bbox 881 1967 946 2035; x_wconf 87' lang='lat' dir='ltr'>Sed</span> <span class='ocrx_word' id='word_1_117' title='bbox 965 1991 1053 2058; x_wconf 71' lang='lat' dir='ltr'>post.</span> 
     </span>
     <span class='ocr_line' id='line_1_18' title="bbox 110 2062 1053 2155; baseline 0.01 -30"><span class='ocrx_word' id='word_1_118' title='bbox 110 2085 203 2148; x_wconf 85' lang='lat' dir='ltr'>qnam</span> <span class='ocrx_word' id='word_1_119' title='bbox 223 2077 333 2126; x_wconf 81' lang='lat' dir='ltr'>nortra</span> <span class='ocrx_word' id='word_1_120' title='bbox 353 2062 579 2144; x_wconf 86' lang='lat' dir='ltr'>disputatione,</span> <span class='ocrx_word' id='word_1_121' title='bbox 597 2073 632 2124; x_wconf 89' lang='lat' dir='ltr'>ut</span> <span class='ocrx_word' id='word_1_122' title='bbox 652 2083 824 2146; x_wconf 83' lang='lat' dir='ltr'>speramus,</span> <span class='ocrx_word' id='word_1_123' title='bbox 841 2065 881 2129; x_wconf 83' lang='lat' dir='ltr'>ad</span> <span class='ocrx_word' id='word_1_124' title='bbox 900 2065 1053 2155; x_wconf 88' lang='lat' dir='ltr'>liquidum</span> 
     </span>
     <span class='ocr_line' id='line_1_19' title="bbox 110 2154 1052 2252; baseline 0.015 -32"><span class='ocrx_word' id='word_1_125' title='bbox 110 2158 291 2243; x_wconf 86' lang='lat' dir='ltr'>perductum</span> <span class='ocrx_word' id='word_1_126' title='bbox 311 2171 375 2236; x_wconf 80' lang='lat' dir='ltr'>est,</span> <span class='ocrx_word' id='word_1_127' title='bbox 395 2154 634 2242; x_wconf 80' lang='lat' dir='ltr'>Theopompum</span> <span class='ocrx_word' id='word_1_128' title='bbox 653 2159 804 2223; x_wconf 85' lang='lat' dir='ltr'>infantem</span> <span class='ocrx_word' id='word_1_129' title='bbox 825 2174 917 2249; x_wconf 85' lang='lat' dir='ltr'>atque</span> <span class='ocrx_word' id='word_1_130' title='bbox 932 2168 966 2228; x_wconf 92' lang='lat' dir='ltr'>in</span> <span class='ocrx_word' id='word_1_131' title='bbox 981 2169 1052 2252; x_wconf 85' lang='lat' dir='ltr'>ipso</span> 
     </span>
     <span class='ocr_line' id='line_1_20' title="bbox 108 2254 1053 2341; baseline 0.014 -23"><span class='ocrx_word' id='word_1_132' title='bbox 108 2257 190 2318; x_wconf 82' lang='lat' dir='ltr'>ritae</span> <span class='ocrx_word' id='word_1_133' title='bbox 218 2255 327 2318; x_wconf 84' lang='lat' dir='ltr'>lirnine</span> <span class='ocrx_word' id='word_1_134' title='bbox 354 2256 457 2341; x_wconf 84' lang='lat' dir='ltr'>patria</span> <span class='ocrx_word' id='word_1_135' title='bbox 490 2254 646 2339; x_wconf 78' lang='lat' dir='ltr'>privatum</span> <span class='ocrx_word' id='word_1_136' title='bbox 677 2276 767 2320; x_wconf 88' lang='lat' dir='ltr'>esse:</span> <span class='ocrx_word' id='word_1_137' title='bbox 799 2277 863 2322; x_wconf 94' lang='lat' dir='ltr'>non</span> <span class='ocrx_word' id='word_1_138' title='bbox 890 2258 1053 2332; x_wconf 85' lang='lat' dir='ltr'>laudamus</span> 
     </span>
     <span class='ocr_line' id='line_1_21' title="bbox 108 2348 1053 2438; baseline 0.017 -22"><span class='ocrx_word' id='word_1_139' title='bbox 108 2373 183 2416; x_wconf 85' lang='lat' dir='ltr'>sone</span> <span class='ocrx_word' id='word_1_140' title='bbox 204 2351 368 2427; x_wconf 86' lang='lat' dir='ltr'>Photium,</span> <span class='ocrx_word' id='word_1_141' title='bbox 388 2353 442 2438; x_wconf 92' lang='lat' dir='ltr'>qui</span> <span class='ocrx_word' id='word_1_142' title='bbox 462 2348 593 2414; x_wconf 86' lang='lat' dir='ltr'>alterum</span> <span class='ocrx_word' id='word_1_143' title='bbox 615 2369 673 2415; x_wconf 88' lang='lat' dir='ltr'>nos</span> <span class='ocrx_word' id='word_1_144' title='bbox 696 2353 791 2432; x_wconf 86' lang='lat' dir='ltr'>celet,</span> <span class='ocrx_word' id='word_1_145' title='bbox 817 2359 873 2424; x_wconf 89' lang='lat' dir='ltr'>sed</span> <span class='ocrx_word' id='word_1_146' title='bbox 897 2364 1053 2434; x_wconf 84' lang='lat' dir='ltr'>rationem</span> 
     </span>
     <span class='ocr_line' id='line_1_22' title="bbox 25 2442 1053 2550; baseline 0.014 -41"><span class='ocrx_word' id='word_1_147' title='bbox 25 2529 28 2538; x_wconf 30' lang='grc' dir='ltr'>Ι</span> <span class='ocrx_word' id='word_1_148' title='bbox 109 2462 214 2512; x_wconf 89' lang='lat' dir='ltr'>tamen</span> <span class='ocrx_word' id='word_1_149' title='bbox 228 2442 456 2533; x_wconf 79' lang='lat' dir='ltr'>perspicimus,</span> <span class='ocrx_word' id='word_1_150' title='bbox 484 2469 539 2510; x_wconf 90' lang='lat' dir='ltr'>cur</span> <span class='ocrx_word' id='word_1_151' title='bbox 563 2469 680 2512; x_wconf 88' lang='lat' dir='ltr'>annum</span> <span class='ocrx_word' id='word_1_152' title='bbox 698 2451 817 2518; x_wconf 86' lang='lat' dir='ltr'>reditus</span> <span class='ocrx_word' id='word_1_153' title='bbox 835 2461 940 2542; x_wconf 84' lang='lat' dir='ltr'>potius</span> <span class='ocrx_word' id='word_1_154' title='bbox 960 2482 1053 2550; x_wconf 83' lang='lat' dir='ltr'>qnam</span> 
     </span>
     <span class='ocr_line' id='line_1_23' title="bbox 110 2544 1052 2624; baseline 0.004 -17"><span class='ocrx_word' id='word_1_155' title='bbox 110 2544 246 2608; x_wconf 87' lang='lat' dir='ltr'>natalem</span> <span class='ocrx_word' id='word_1_156' title='bbox 275 2547 571 2609; x_wconf 82' lang='lat' dir='ltr'>commemoraverit.</span> <span class='ocrx_word' id='word_1_157' title='bbox 615 2545 796 2611; x_wconf 48' lang='lat' dir='ltr'>Multorum*</span> <span class='ocrx_word' id='word_1_158' title='bbox 810 2569 974 2620; x_wconf 85' lang='lat' dir='ltr'>narrantur</span> <span class='ocrx_word' id='word_1_159' title='bbox 994 2581 1052 2624; x_wconf 88' lang='lat' dir='ltr'>ex.</span> 
     </span>
     <span class='ocr_line' id='line_1_24' title="bbox 111 2639 1133 2732; baseline 0.012 -30"><span class='ocrx_word' id='word_1_160' title='bbox 111 2639 181 2703; x_wconf 89' lang='lat' dir='ltr'>silia</span> <span class='ocrx_word' id='word_1_161' title='bbox 202 2641 270 2702; x_wconf 80' lang='lat' dir='ltr'>tine</span> <span class='ocrx_word' id='word_1_162' title='bbox 294 2641 449 2732; x_wconf 84' lang='lat' dir='ltr'>eiusmodi</span> <span class='ocrx_word' id='word_1_163' title='bbox 467 2643 578 2706; x_wconf 86' lang='lat' dir='ltr'>aetatis</span> <span class='ocrx_word' id='word_1_164' title='bbox 597 2645 777 2708; x_wconf 82' lang='lat' dir='ltr'>notatione:</span> <span class='ocrx_word' id='word_1_165' title='bbox 796 2645 873 2712; x_wconf 88' lang='lat' dir='ltr'>illud</span> <span class='ocrx_word' id='word_1_166' title='bbox 894 2672 968 2718; x_wconf 88' lang='lat' dir='ltr'>vero</span> <span class='ocrx_word' id='word_1_167' title='bbox 986 2673 1051 2722; x_wconf 91' lang='lat' dir='ltr'>non</span> <span class='ocrx_word' id='word_1_168' title='bbox 1129 2707 1133 2714; x_wconf 90' lang='lat'>.</span> 
     </span>
     <span class='ocr_line' id='line_1_25' title="bbox 108 2737 1053 2837; baseline 0.016 -39"><span class='ocrx_word' id='word_1_169' title='bbox 108 2737 371 2820; x_wconf 87' lang='lat' dir='ltr'>praetereundum</span> <span class='ocrx_word' id='word_1_170' title='bbox 393 2749 476 2814; x_wconf 90' lang='lat' dir='ltr'>erat,</span> <span class='ocrx_word' id='word_1_171' title='bbox 504 2758 592 2814; x_wconf 92' lang='lat' dir='ltr'>eum,</span> <span class='ocrx_word' id='word_1_172' title='bbox 613 2741 667 2824; x_wconf 86' lang='lat' dir='ltr'>qui</span> <span class='ocrx_word' id='word_1_173' title='bbox 690 2744 828 2826; x_wconf 88' lang='lat' dir='ltr'>aprima</span> <span class='ocrx_word' id='word_1_174' title='bbox 843 2746 975 2813; x_wconf 78' lang='lat' dir='ltr'>infantia</span> <span class='ocrx_word' id='word_1_175' title='bbox 995 2775 1053 2837; x_wconf 80' lang='lat' dir='ltr'>pa·</span> 
     </span>
     <span class='ocr_line' id='line_1_26' title="bbox 109 2833 1051 2923; baseline 0.016 -27"><span class='ocrx_word' id='word_1_176' title='bbox 109 2835 167 2896; x_wconf 83' lang='lat' dir='ltr'>trie</span> <span class='ocrx_word' id='word_1_177' title='bbox 182 2835 352 2911; x_wconf 85' lang='lat' dir='ltr'>caruisset,</span> <span class='ocrx_word' id='word_1_178' title='bbox 385 2833 628 2920; x_wconf 73' lang='lat' dir='ltr'>quadragesimo</span> <span class='ocrx_word' id='word_1_179' title='bbox 650 2840 757 2920; x_wconf 78' lang='lat' dir='ltr'>qttiuto</span> <span class='ocrx_word' id='word_1_180' title='bbox 776 2838 900 2923; x_wconf 92' lang='lat' dir='ltr'>demum</span> <span class='ocrx_word' id='word_1_181' title='bbox 918 2865 1001 2911; x_wconf 89' lang='lat' dir='ltr'>auno</span> <span class='ocrx_word' id='word_1_182' title='bbox 1017 2851 1051 2915; x_wconf 90' lang='lat' dir='ltr'>in</span> 
     </span>
     <span class='ocr_line' id='line_1_27' title="bbox 110 2930 1038 3008; baseline 0.008 -16"><span class='ocrx_word' id='word_1_183' title='bbox 110 2931 223 2993; x_wconf 77' lang='lat' dir='ltr'>ciuium</span> <span class='ocrx_word' id='word_1_184' title='bbox 240 2932 310 2993; x_wconf 87' lang='lat' dir='ltr'>iura</span> <span class='ocrx_word' id='word_1_185' title='bbox 327 2930 471 2994; x_wconf 88' lang='lat' dir='ltr'>rediisse.</span> <span class='ocrx_word' id='word_1_186' title='bbox 635 2933 639 2944; x_wconf 89' lang='lat'>&#39;</span> <span class='ocrx_word' id='word_1_187' title='bbox 1036 2998 1038 3008; x_wconf 84' lang='grc'>,</span> 
     </span>
    </p>

    <p class='ocr_par' dir='ltr' id='par_1_7' title="bbox 101 3023 1052 3408">
     <span class='ocr_line' id='line_1_28' title="bbox 140 3023 1050 3119; baseline 0.015 -30"><span class='ocrx_word' id='word_1_188' title='bbox 140 3068 142 3074; x_wconf 65' lang='lat'>,</span> <span class='ocrx_word' id='word_1_189' title='bbox 189 3023 355 3090; x_wconf 81' lang='lat' dir='ltr'>Zenonem</span> <span class='ocrx_word' id='word_1_190' title='bbox 375 3027 500 3112; x_wconf 87' lang='lat' dir='ltr'>quidem</span> <span class='ocrx_word' id='word_1_191' title='bbox 520 3025 661 3098; x_wconf 82' lang='lat' dir='ltr'>stoicum</span> <span class='ocrx_word' id='word_1_192' title='bbox 681 3028 787 3097; x_wconf 82' lang='lat' dir='ltr'>ierunt</span> <span class='ocrx_word' id='word_1_193' title='bbox 809 3033 910 3119; x_wconf 90' lang='lat' dir='ltr'>primo</span> <span class='ocrx_word' id='word_1_194' title='bbox 931 3055 1050 3104; x_wconf 86' lang='lat' dir='ltr'>merea·</span> 
     </span>
     <span class='ocr_line' id='line_1_29' title="bbox 110 3122 1051 3217; baseline 0.013 -33"><span class='ocrx_word' id='word_1_195' title='bbox 110 3133 208 3184; x_wconf 81' lang='lat' dir='ltr'>turam</span> <span class='ocrx_word' id='word_1_196' title='bbox 233 3122 339 3186; x_wconf 86' lang='lat' dir='ltr'>faeere</span> <span class='ocrx_word' id='word_1_197' title='bbox 368 3122 511 3200; x_wconf 72' lang='lat' dir='ltr'>solinum</span> <span class='ocrx_word' id='word_1_198' title='bbox 544 3138 625 3203; x_wconf 87' lang='lat' dir='ltr'>tum,</span> <span class='ocrx_word' id='word_1_199' title='bbox 657 3127 790 3192; x_wconf 84' lang='lat' dir='ltr'>eiectum</span> <span class='ocrx_word' id='word_1_200' title='bbox 818 3130 983 3217; x_wconf 78' lang='lat' dir='ltr'>naufragio</span> <span class='ocrx_word' id='word_1_201' title='bbox 1010 3136 1051 3202; x_wconf 78' lang='lat' dir='ltr'>ad</span> 
     </span>
     <span class='ocr_line' id='line_1_30' title="bbox 101 3215 1052 3308; baseline 0.022 -30"><span class='ocrx_word' id='word_1_202' title='bbox 101 3215 291 3297; x_wconf 73' lang='lat' dir='ltr'>Piraeeum,</span> <span class='ocrx_word' id='word_1_203' title='bbox 315 3239 444 3304; x_wconf 82' lang='lat' dir='ltr'>operam</span> <span class='ocrx_word' id='word_1_204' title='bbox 460 3219 600 3285; x_wconf 83' lang='lat' dir='ltr'>¹Athenis</span> <span class='ocrx_word' id='word_1_205' title='bbox 622 3221 841 3308; x_wconf 86' lang='lat' dir='ltr'>philosophiae</span> <span class='ocrx_word' id='word_1_206' title='bbox 862 3225 986 3296; x_wconf 77' lang='lat' dir='ltr'>dedisse</span> <span class='ocrx_word' id='word_1_207' title='bbox 1004 3246 1052 3299; x_wconf 89' lang='lat' dir='ltr'>at·</span> 
     </span>
     <span class='ocr_line' id='line_1_31' title="bbox 109 3311 1051 3408; baseline 0.018 -34"><span class='ocrx_word' id='word_1_208' title='bbox 109 3333 172 3399; x_wconf 89' lang='lat' dir='ltr'>que</span> <span class='ocrx_word' id='word_1_209' title='bbox 196 3311 282 3377; x_wconf 86' lang='lat' dir='ltr'>illam</span> <span class='ocrx_word' id='word_1_210' title='bbox 307 3336 402 3400; x_wconf 86' lang='lat' dir='ltr'>saepo</span> <span class='ocrx_word' id='word_1_211' title='bbox 429 3336 539 3380; x_wconf 87' lang='lat' dir='ltr'>vocem</span> <span class='ocrx_word' id='word_1_212' title='bbox 560 3334 759 3404; x_wconf 69' lang='lat' dir='ltr'>:usurpasset</span> <span class='ocrx_word' id='word_1_213' title='bbox 798 3321 867 3383; x_wconf 81' lang='grc' dir='ltr'>Νῦν</span> <span class='ocrx_word' id='word_1_214' title='bbox 892 3322 1051 3408; x_wconf 63' lang='grc' dir='ltr'>εὐπὶόηκα,</span> 
     </span>
    </p>
   </div>
   <div class='ocr_carea' id='block_1_7' title="bbox 109 3405 1051 3505">
    <p class='ocr_par' dir='ltr' id='par_1_8' title="bbox 109 3405 1051 3505">
     <span class='ocr_line' id='line_1_32' title="bbox 109 3405 1051 3505; baseline 0.021 -35"><span class='ocrx_word' id='word_1_215' title='bbox 109 3406 160 3472; x_wconf 77' lang='grc' dir='ltr'>ὅτε</span> <span class='ocrx_word' id='word_1_216' title='bbox 181 3405 373 3490; x_wconf 77' lang='grc' dir='ltr'>νεναυάγηκα.</span> <span class='ocrx_word' id='word_1_217' title='bbox 387 3415 422 3493; x_wconf 81' lang='lat'>²)</span> <span class='ocrx_word' id='word_1_218' title='bbox 460 3413 509 3478; x_wconf 86' lang='lat' dir='ltr'>Ac</span> <span class='ocrx_word' id='word_1_219' title='bbox 529 3411 737 3501; x_wconf 81' lang='lat' dir='ltr'>Theopompo</span> <span class='ocrx_word' id='word_1_220' title='bbox 757 3426 821 3482; x_wconf 89' lang='lat' dir='ltr'>tum</span> <span class='ocrx_word' id='word_1_221' title='bbox 842 3423 958 3505; x_wconf 87' lang='lat' dir='ltr'>optime</span> <span class='ocrx_word' id='word_1_222' title='bbox 975 3429 1051 3490; x_wconf 82' lang='lat' dir='ltr'>cori-</span> 
     </span>
    </p>
   </div>
   <div class='ocr_carea' id='block_1_8' title="bbox 120 3571 1034 3604">
    <p class='ocr_par' dir='ltr' id='par_1_9' title="bbox 120 3571 1034 3604">
     <span class='ocr_line' id='line_1_33' title="bbox 120 3571 1034 3604; baseline 0.008 -16"><span class='ocrx_word' id='word_1_223' title='bbox 120 3571 1034 3604; x_wconf 47' lang='grc' dir='ltr'>Μ--ὑᾱ-Ἣ-Μ-</span> 
     </span>
    </p>
   </div>
   <div class='ocr_carea' id='block_1_9' title="bbox 176 3683 520 3766">
    <p class='ocr_par' dir='ltr' id='par_1_10' title="bbox 176 3683 520 3766">
     <span class='ocr_line' id='line_1_34' title="bbox 176 3683 520 3766; baseline 0.015 -27"><span class='ocrx_word' id='word_1_224' title='bbox 176 3683 520 3766; x_wconf 59' lang='lat' dir='ltr'>mmmmm</span> 
     </span>
    </p>
   </div>
   <div class='ocr_carea' id='block_1_10' title="bbox 177 3782 1000 3934">
    <p class='ocr_par' dir='ltr' id='par_1_11' title="bbox 177 3782 1000 3934">
     <span class='ocr_line' id='line_1_35' title="bbox 177 3782 1000 3934; baseline 0.011 -93"><span class='ocrx_word' id='word_1_225' title='bbox 177 3782 203 3851; x_wconf 75' lang='lat'>²)</span> <span class='ocrx_word' id='word_1_226' title='bbox 218 3787 302 3860; x_wconf 76' lang='lat' dir='ltr'>Diog.</span> <span class='ocrx_word' id='word_1_227' title='bbox 318 3789 412 3846; x_wconf 79' lang='lat' dir='ltr'>Laert.</span> <span class='ocrx_word' id='word_1_228' title='bbox 433 3789 493 3855; x_wconf 82' lang='lat' dir='ltr'>vlt,</span> <span class='ocrx_word' id='word_1_229' title='bbox 510 3789 539 3851; x_wconf 79' lang='grc'>4.</span> <span class='ocrx_word' id='word_1_230' title='bbox 573 3790 679 3846; x_wconf 76' lang='lat' dir='ltr'>Seneca</span> <span class='ocrx_word' id='word_1_231' title='bbox 695 3791 730 3846; x_wconf 86' lang='lat' dir='ltr'>de</span> <span class='ocrx_word' id='word_1_232' title='bbox 748 3795 837 3934; x_wconf 56' lang='lat' dir='ltr'>trgrq.</span> <span class='ocrx_word' id='word_1_233' title='bbox 852 3793 935 3855; x_wconf 79' lang='lat' dir='ltr'>anim.</span> <span class='ocrx_word' id='word_1_234' title='bbox 954 3795 1000 3858; x_wconf 75' lang='grc'>14.</span> 
     </span>
    </p>
   </div>
   <div class='ocr_carea' id='block_1_11' title="bbox 0 0 1424 4808">
    <p class='ocr_par' dir='ltr' id='par_1_12' title="bbox 0 0 1424 4808">
     <span class='ocr_line' id='line_1_36' title="bbox 0 0 1424 4808; baseline 0 0"><span class='ocrx_word' id='word_1_235' title='bbox 0 0 1424 4808; x_wconf 95' lang='lat' dir='ltr'> </span> 
     </span>
    </p>
   </div>
  </div>
 </body>
</html>
