2854 4794
751 319 980 380 ,8.-

386 497 441 547 ant
469 481 675 560 laudabilius,
711 487 806 571 quam
841 483 875 548 si
916 483 1094 570 iniquitati
1124 479 1170 546 illi
1195 481 1314 556 fortunae,

385 601 479 666 quam
504 579 594 647 multi
619 593 881 668 praestantesque
922 582 993 644 viri
1025 580 1152 664 experti
1174 589 1246 654 suut,
1272 575 1314 639 oh·

384 677 468 740 viam
497 697 569 756 eas,
596 679 840 765 memoriamque
862 675 1044 744 elatorum
1071 673 1221 738 hominnm
1239 692 1313 756 poeno

383 773 621 840 intermortuam
649 776 773 838 excites
802 787 835 837 et
859 785 1043 862 tamquam
1070 774 1108 836 in
1132 769 1194 852 lpoe
1212 789 1313 852 eonspe-

385 871 498 956 etnqu'e
518 869 663 936 eollooes.
708 867 818 957 ltaque
844 892 951 957 quum
986 869 1109 936 similis
1135 867 1257 932 fortunae
1278 865 1312 924 in-

383 967 465 1030 iuria
498 969 657 1054 principes
702 979 844 1032 veterum
879 967 1127 1032 historicorum
1160 981 1257 1046 magno
1282 977 1311 1019 ex

382 1076 472 1148 parte
491 1065 717 1162 oppressisset,
745 1065 863 1148 optime
883 1064 927 1130 de
946 1065 1067 1131 studio
1089 1063 1261 1147 antiquum
1274 1052 1309 1116 lit·

384 1173 521 1226 terarum
548 1161 652 1225 meriti
683 1171 759 1223 sunt
783 1159 937 1226 lllanxins
972 1175 1011 1227 et
1040 1157 1216 1232 Goellems,
1241 1170 1307 1238 quum

383 1255 437 1320 ille
458 1257 595 1343 Ephori,
621 1253 674 1322 hle
690 1255 816 1324 Philisti
842 1269 880 1320 et·
896 1255 1042 1324 'l'innaei
1066 1257 1231 1342 fragmenta
1246 1245 1303 1310 oolli-

382 1367 474 1438 geret
495 1366 588 1440 atque
603 1351 784 1416 illustraret.
832 1349 898 1416 sed
927 1352 988 1418 his
1020 1355 1083 1441 qui
1110 1370 1205 1438 neque
1220 1342 1299 1429 ingenii

382 1469 485 1536 neque
518 1451 680 1515 doetrinae
715 1449 810 1515 lande
842 1449 927 1515 cedit
962 1449 1216 1538 Theopompus,
1235 1457 1295 1521 tutte
1337 1515 1338 1546 ,

381 1545 436 1610 ille
455 1548 580 1635 quidem
600 1549 684 1612 votis
705 1548 899 1614 eruditorum
925 1551 1108 1636 expetitus
1133 1556 1193 1620 est,
1213 1537 1248 1602 sel
1261 1547 1290 1595 n·

381 1663 455 1708 men
474 1645 613 1710 nondum
634 1645 774 1722 invenit,
802 1645 856 1730 qui
883 1643 923 1708 tle
949 1667 996 1712 eo
1031 1646 1123 1712 hene
1149 1638 1237 1707 mereti
1250 1629 1284 1693 ttl·

380 1737 435 1806 let.
483 1739 566 1808 Nam
592 1762 673 1826 quae
701 1741 761 1805 luit
788 1737 863 1804 olim
884 1761 979 1825 spes,
1012 1743 1092 1808 lore
1110 1752 1148 1805 ut
1172 1727 1279 1800 altolto
1338 1821 1339 1824 Ἴ

381 1835 463 1902 Vino
482 1835 549 1915 Ch,
565 1835 649 1900 illius
666 1835 816 1924 reliquias
832 1833 983 1901 collentes
1005 1839 1269 1926 acciperennttt·
1338 1833 1339 1844 ¹

381 1931 456 1996 olum
475 1931 530 1996 illa
549 1931 672 1998 abiecta
690 1955 710 1996 a
729 1929 872 2017 Spohnio
892 1929 1015 2000 Coroll.
1039 1937 1084 2000 de
1107 1915 1263 1998 nantolii
1332 1947 1334 2007 t

380 2049 453 2116 neg.
471 2027 571 2095 Isoor.
596 2051 628 2116 p.
650 2025 815 2096 XXXV:
841 2052 880 2095 ee
906 2029 992 2096 haud
1023 2035 1099 2098 seio
1131 2054 1173 2096 en
1193 2021 1270 2112 putto
1338 2039 1341 2108 't

379 2149 532 2192 annorum
557 2126 758 2194 intervallum
787 2129 877 2192 inrita
903 2131 1071 2195 oensenda
1099 2133 1154 2194 sit.
1173 2124 1196 2211 ¹)
1223 2103 1272 2190 llll

380 2247 420 2289 eo
444 2230 546 2312 magis
574 2222 743 2288 dolendum
768 2237 835 2301 est,
870 2226 944 2314 quia
973 2223 1146 2292 Cneuzero
1172 2219 1230 2286 hntt
1243 2203 1274 2267 lli

253 2344 261 2362 .
379 2342 511 2400 eaussa,
537 2341 593 2384 our
620 2317 848 2406 Theopompee
877 2340 898 2384 a
923 2340 983 2386 sua
1011 2323 1203 2389 collectione
1219 2299 1276 2374 elil·

401 2493 1277 2534 ww

447 2641 473 2708 ¹)
491 2637 593 2696 Koelu’s'
611 2639 737 2712 psolegg.
763 2639 800 2698 ed
826 2639 1054 2713 Theopompum,
1085 2643 1166 2698 edita
1189 2628 1286 2693 Selinil

381 2721 473 2787 1803..
497 2723 649 2792 repetenda
675 2724 780 2776 curavit
806 2721 947 2775 Seebodius
966 2721 1068 2775 Archiv
1094 2725 1142 2778 ftis·
1161 2701 1286 2774 Philolttl

378 2803 483 2874 Pedag.
503 2803 586 2858 1824.
606 2801 684 2854 Fase.
700 2801 745 2856 lll.
784 2803 916 2877 EJusdem
936 2803 1019 2856 aliem
1042 2805 1076 2858 de
1096 2805 1195 2859 eodem
1211 2793 1288 2860 sonill'

378 2899 408 2939 re
430 2885 690 2938 commentationem
715 2883 829 2938 exhibet
850 2884 964 2951 Ruperti
988 2892 1017 2938 et
1035 2875 1243 2940 ncttietttonot
1254 2868 1287 2923 Mn·

378 2981 442 3036 gez.
460 2967 480 3021 l.
500 2964 598 3022 Philol.
621 2965 702 3020 Tem.
721 2966 742 3018 l.
754 2981 781 3034 p.
795 2966 853 3018 262
868 2991 904 3005 -
920 2963 985 3020 268.
1021 2971 1153 3022 Ceterum
1170 2959 1290 3023 mullilal
1340 3001 1341 3040 q

378 3049 432 3100 sim
454 3048 500 3102 vel
525 3048 670 3102 occasione
694 3047 789 3100 oblate
813 3045 859 3100 rel
881 3047 948 3102 dats
976 3062 1062 3116 opera
1086 3050 1122 3103 de
1148 3047 1291 3112 Theopontt
1340 3047 1341 3118 l

378 3129 521 3183 dixeruntt
546 3126 656 3182 Vossius
676 3128 709 3180 do
726 3128 800 3185 llist.
819 3127 918 3182 Graec.
937 3129 958 3193 l,
977 3131 1003 3183 7.
1036 3127 1151 3184 Jonsiuo
1173 3131 1207 3182 de
1223 3117 1296 3184 Sonili
1340 3121 1341 3200 l

376 3209 655 3272 hasnonense.
699 3205 836 3262 meones
861 3209 896 3266 ao
920 3211 1045 3285 Aponon.
1069 3211 1160 3284 nysa
1185 3227 1208 3264 c.
1228 3205 1257 3258 x.
1274 3191 1296 3246 at

378 3289 503 3360 Hesych.
520 3290 611 3344 Miles.
631 3305 657 3358 p.
674 3289 739 3344 185.
772 3287 881 3344 Folrio.
897 3291 969 3346 Bibl.
994 3293 1092 3348 Graec.
1113 3297 1147 3349 T.
1164 3294 1197 3349 11.
1213 3305 1237 3364 p·
1252 3273 1296 3334 ⁸⁰¹⁸
1328 3282 1331 3351 ἶ

261 3371 264 3376 ’
378 3387 454 3442 seqq.
470 3371 550 3425 llarl.
583 3369 816 3427 halremunt.
842 3375 910 3428 crit.
933 3375 994 3427 0nr.
1015 3373 1114 3430 Gnaeo.
1133 3392 1161 3445 p.
1183 3374 1240 3429 ton
1256 3374 1296 3429 ¹ll·
1327 3399 1329 3421 s

377 3453 471 3508 Reislt.
507 3453 629 3524 Heyot'ns
645 3453 674 3505 io
692 3455 843 3508 Commerui.
859 3455 923 3508 Son.
943 3453 1037 3508 Goett.
1057 3453 1120 3510 Vol.
1137 3457 1194 3510 vn.
1210 3452 1240 3506 ol.
1254 3441 1295 3514 pli·

376 3535 423 3588 101.
440 3551 468 3605 p.
488 3535 550 3605 11⁰·
567 3551 626 3606 sqq.
661 3534 705 3587 no
727 3535 862 3606 nesano,
883 3538 932 3605 qut
952 3537 982 3587 tn
1001 3534 1136 3592 memte
1155 3525 1296 3591 tuost-ht

377 3617 461 3670 lnsor.
481 3617 515 3670 T.
533 3617 608 3672 xlv.
633 3623 664 3669 et
685 3617 746 3684 ipse
770 3617 803 3669 de
829 3615 1011 3684 Thettpompo
1034 3617 1189 3687 disputasse
1209 3610 1294 3667 dieitur,

376 3713 412 3752 ea
429 3698 542 3766 scripsit
556 3697 681 3752 Koohins
696 3698 726 3752 in
743 3697 872 3768 Prolegg.
890 3713 916 3768 p.
934 3695 1001 3752 tta.
1021 3705 1053 3752 ut
1076 3701 1126 3755 illo
1150 3701 1218 3755 libro
1240 3679 1295 3748 haul

377 3794 461 3850 segre
481 3795 612 3838 aaronem.
