2838 4808
513 308 722 375 „m-

133 502 217 549 cum
229 481 342 546 Persis
359 480 511 544 societate
530 497 665 564 reguum
684 473 829 544 obtinuit.
842 477 872 562 ¹)
911 476 1094 569 llnncpnc·⁴

133 603 237 656 rum,
267 599 335 642 una
361 597 432 642 cum
459 575 557 640 fratre
586 572 733 640 Mausolo
760 576 900 660 grauiter
927 593 1095 663 aegrotan-

135 690 231 753 tem,
259 674 427 760 Dexippus
451 669 540 736 Cous
564 671 706 736 medicus
726 673 853 736 sanitati
879 676 1030 753 restitutit,
1055 700 1094 743 ea

137 773 351 848 conditione,
389 782 427 834 ιιι
458 767 674 833 Hecatomnus
702 779 793 854 pater
828 791 848 830 a
875 767 958 836 bello
987 788 1096 840 contm

142 869 242 933 Coos
262 867 439 934 desisteret.
456 865 488 948 2)
523 863 683 930 Pixodaro
703 862 844 952 (Olymp.
864 863 951 945 CXI,
974 869 1017 948 1.)
1041 871 1095 936 de·
1142 919 1151 942 .

147 965 277 1044 functo,
307 961 523 1028 Orontobates
548 971 692 1046 satrapa,
725 981 819 1048 quem
856 961 917 1026 sibi
944 987 1096 1050 generum

146 1062 349 1138 adsciverat,
379 1063 470 1124 etiam
488 1056 713 1124 Halicarnasso
735 1059 853 1144 potitus
874 1071 932 1124 ert.
968 1060 1098 1132 Interim

139 1159 225 1224 Ada
240 1157 361 1222 Alinda
379 1157 524 1232 retinuit,
544 1175 702 1241 quumque
718 1152 919 1233 Alexander,
945 1161 1036 1224 lictis
1056 1163 1097 1226 ad

146 1255 327 1320 Granicum
346 1253 469 1329 Persis,
499 1249 559 1316 has
584 1252 732 1335 regiones
758 1253 933 1336 attigisset,
960 1268 1026 1320 tum
1050 1257 1097 1322 illi

148 1367 188 1417 et
207 1351 324 1416 Alinda
343 1350 471 1416 tradidit
498 1360 532 1411 et
556 1360 666 1412 contra
688 1343 823 1412 rebelles
851 1369 979 1436 operam
1006 1353 1098 1439 poni.

147 1453 217 1514 cita
234 1461 299 1526 ert,
319 1461 353 1512 et
366 1467 444 1511 vero
464 1444 504 1510 ab
523 1439 602 1531 re¹ge
621 1444 815 1530 impetravit,
842 1457 879 1509 nt
899 1467 934 1512 se
954 1447 1098 1536 adoptari

151 1545 198 1610 ab
222 1549 294 1632 ipsa
311 1555 478 1629 pateretur.
495 1542 525 1626 ³)

225 1667 229 1676 ’
242 1642 308 1706 Sed
324 1644 486 1706 redeamus
505 1637 547 1702 ad
560 1634 759 1713 Mausolum,
781 1639 870 1702 cuitu
884 1653 1000 1725 quanta
1016 1645 1098 1728 apud
1183 1697 1185 1704 ,

161 1760 291 1804 uxorem
312 1741 423 1803 emitas
442 1737 554 1811 fuerit,
575 1734 683 1818 accipe
704 1754 724 1797 a
743 1733 864 1800 Gellio:
877 1739 921 1814 ⁴)⁴
944 1736 981 1802 Ie
999 1737 1098 1806 Muec-

156 1838 241 1900 aolm
263 1835 321 1902 odi
333 1838 417 1914 fato
444 1833 645 1918 perfunctos
669 1839 719 1894 eet
740 1841 773 1896 et
794 1837 882 1896 enter
904 1835 1044 1902 lomento
1064 1847 1099 1904 et

150 1953 263 1998 munos
281 1937 399 1998 uxorio
410 1933 539 2008 foetere
558 1927 729 2010 mugmfico
750 1933 895 2014 sepultus
916 1941 975 2012 eet,
999 1935 1098 2002 Arte-

155 2035 261 2106 misio,
283 2030 372 2092 luctu
398 2035 495 2110 alque
520 2023 678 2089 desiderio
701 2032 813 2090 meriti
826 2027 983 2113 flumem
1001 2053 1098 2111 aanor,

159 2145 235 2189 otro
253 2130 453 2208 cineremque
472 2126 540 2188 eine
558 2125 664 2186 unta
683 2121 832 2186 odoribus
851 2133 1045 2210 contusaque
1064 2136 1099 2193 ιιι

146 2223 299 2306 prolueret
312 2223 443 2300 fece'em
470 2239 574 2304 equae
609 2219 731 2282 indidit
755 2217 915 2304 ediditque
939 2224 1099 2308 multoque

152 2319 224 2382 allo
246 2319 382 2382 uiolenti
406 2319 524 2381 omore'e
555 2313 678 2380 induta
697 2318 825 2394 fecitte
846 2317 975 2384 duitor.
1014 2317 1098 2388 Tum
1132 2356 1151 2384 ι

156 2417 253 2478 etiarn
270 2413 376 2477 nobile
396 2411 474 2477 illud
488 2407 684 2497 sepulcrum,
703 2434 746 2477 ex
766 2435 828 2499 quo
843 2415 955 2480 similis
975 2425 1098 2506 magni.

158 2509 306 2582 ficentiae
326 2529 424 2594 opera
442 2505 601 2572 Mausolei
621 2509 705 2596 apud
722 2509 884 2574 Romanos
905 2531 1021 2578 nomen
1041 2516 1098 2581 du·

161 2619 285 2684 xerunt,
302 2608 332 2683 ⁵)
358 2606 440 2668 inter
461 2615 580 2682 sentem
601 2605 687 2670 orbis
707 2603 885 2691 spectacula
904 2623 1097 2678 numeratum

72 2733 74 2749 ·
157 2705 327 2768 exstruxit.
345 2701 376 2785 6)
419 2695 512 2774 Quot
536 2722 630 2787 quum
651 2701 825 2782 dedicaret,
845 2708 1015 2792 propositis
1033 2730 1098 2774 am.

225 3011 251 3077 ι)
267 3012 350 3066 nica
366 3009 440 3074 xro,
457 3008 503 3064 ιι

225 3111 250 3178 2)
268 3109 538 3175 summationem
580 3108 704 3163 Eundem
722 3119 917 3166 commemorat
937 3111 1007 3170 l’lut.
1022 3117 1098 3174 Alex.

157 3193 361 3344 ὲοᾛιιὶριιιιιέῧ
374 3194 505 3248 scribitur
521 3185 692 3264 Πηξόόωρος.
724 3192 779 3246 Cir.
788 3193 952 3265 wesseling.
970 3199 1006 3252 ad
1015 3198 1116 3292 Diod!

228 3371 256 3438 a)
280 3374 361 3428 nico.
383 3373 468 3438 xvn,
485 3372 532 3428 24.
573 3371 663 3426 strab.
682 3369 755 3426 xlv.
778 3389 805 3442 p.
824 3373 889 3429 201.
927 3365 1031 3433 Arriae.
1062 3381 1097 3440 a,

153 3456 265 3534 Exped.
283 3456 358 3508 Alex.
373 3455 393 3521 1,
411 3453 458 3520 23,
480 3451 589 3508 8-12.
628 3453 702 3507 Adde
720 3453 857 3510 Plutarch.
872 3457 949 3512 Alex.
965 3459 1012 3514 22.
1106 3455 1112 3472 '

223 3558 253 3622 4)
269 3557 352 3612 Noct.
367 3559 420 3610 ιιι.
436 3555 472 3620 X,
491 3553 535 3608 18.

221 3658 251 3723 ⁵)
266 3658 348 3712 Paua.
364 3658 436 3720 vul,
453 3655 499 3718 16,
517 3654 543 3708 3.

224 3757 254 3825 ⁶)
274 3760 346 3816 Geli.
364 3761 383 3815 l.
402 3776 426 3812 c.
446 3763 475 3813 et
493 3757 579 3826 intpp.
599 3753 865 3810 eductecum.
884 3771 910 3826 p.
926 3757 993 3816 200.
1008 3761 1071 3824 201.
