2872 4804
713 317 924 382 ...60..Ι

344 483 487 570 prodigi,
519 487 624 556 avari:
662 507 795 574 qnorum
819 499 972 554 nocturna
995 485 1118 554 scelera
1144 511 1183 556 ao
1210 491 1304 557 furtu

345 581 513 648 Graeciam
541 583 833 668 pessmndedernnt.
882 584 928 650 Hi
954 582 1198 672 Theopompum
1231 609 1302 654 non

344 678 532 756 fefellerunt,
553 682 693 767 quinon
713 680 811 748 verba
832 681 956 748 illorum
977 680 1147 760 audienda,
1172 686 1233 750 sed
1250 687 1301 751 la·

345 789 396 840 eta
421 775 661 856 consideranda,
686 790 730 855 et,
758 789 915 864 tamqnam
940 779 1039 843 index
1063 779 1148 866 apud
1175 781 1301 847 inferos

344 873 464 950 Minos,
492 873 562 940 istis
588 895 646 938 eos
674 871 848 939 involucris
874 875 1057 962 spoliandos
1083 876 1236 962 putabat:
1264 882 1299 944 in

346 991 408 1058 qno
426 968 480 1034 ille
497 992 683 1057 quamquam
702 991 898 1036 communem
917 973 1187 1058 generishnmani
1205 999 1298 1042 caus·

344 1069 539 1153 samaqisse
560 1067 737 1134 censendus
758 1080 818 1145 est,
839 1081 944 1134 tamen
965 1068 1051 1135 haud
1066 1073 1133 1134 seio
1156 1093 1217 1158 qno
1236 1095 1298 1158 pa·

345 1178 395 1232 oto
414 1167 439 1230 ii
460 1186 584 1250 semper
601 1164 701 1228 invidi
722 1185 760 1229 ac
788 1162 934 1230 maledici
953 1165 1119 1246 habentur,
1145 1171 1201 1254 qni
1215 1170 1295 1234 istos

344 1263 506 1328 lrominmn
541 1263 687 1330 societati
716 1263 950 1326 inimicissimos
981 1263 1184 1328 insidiatores
1218 1277 1294 1330 tam-

344 1382 438 1446 qnam
467 1356 639 1426 elatcbris
666 1361 889 1447 protraxerint.
938 1359 1004 1425 Sed
1036 1382 1077 1425 ne
1109 1363 1162 1426 eni
1188 1363 1294 1428 favere

345 1455 555 1543 Theopompo
571 1460 673 1544 magis
696 1477 790 1543 quem
810 1459 937 1522 veritati
958 1457 1078 1536 videar,
1099 1477 1165 1522 non
1185 1461 1287 1546 isega

345 1577 435 1633 sunt,
462 1555 517 1640 qui
542 1552 631 1620 illum
657 1556 693 1618 in
715 1555 945 1639 investigandis
963 1554 1134 1620 ¹fraudibus
1160 1556 1295 1622 sortasse

345 1654 439 1716 nimis
460 1671 684 1737 nonnunquam
704 1664 831 1718 acntnm
850 1652 949 1716 fuisso
971 1663 1065 1737 atquo
1088 1653 1297 1718 ostentandae
1418 1683 1419 1710 r

346 1749 546 1835 eloquentiae
572 1758 666 1833 atque
690 1767 800 1812 earnm
825 1750 1069 1828 sententiarum,
1102 1772 1182 1836 quae
1202 1773 1300 1835 prae·

345 1846 429 1922 clare
449 1845 489 1908 de
508 1845 624 1908 virtute
652 1841 808 1922 dicuntur,
836 1848 1036 1911 occasionem
1056 1848 1217 1932 quaesisse
1239 1869 1303 1911 ne-

344 1961 438 2029 gem:
466 1939 524 2004 sed
542 1940 788 2007 eumdetrahere
807 1941 951 2029 ohiqnem
969 1953 1025 2006 aut
1043 1942 1214 2007 obtrectare
1235 1965 1303 2008 vo-

345 2040 443 2104 luisse
462 2036 547 2102 haud
567 2037 659 2104 laoile
678 2040 898 2106 concesserim.
916 2039 946 2122 ¹)
989 2035 1075 2115 Qun
1095 2039 1211 2126 igituri
1235 2061 1303 2127 pn·
1413 2015 1419 2089 l

344 2139 476 2224 gnantia
493 2149 526 2202 et
547 2139 704 2204 contraria
720 2139 774 2225 qui
793 2137 906 2216 nudat,
924 2156 1029 2201 nonne
1046 2138 1203 2202 mendacii
1221 2159 1301 2204 oon·
1414 2132 1419 2287 'q

343 2239 446 2300 victus
466 2234 609 2298 teneturl
633 2232 756 2320 Negari
765 2232 798 2296 id
816 2231 941 2320 quidem
960 2252 1025 2296 non
1041 2245 1155 2319 potest,
1176 2255 1217 2298 ae
1236 2233 1295 2298 Po·

343 2329 448 2415 lyhius
477 2332 511 2391 in
540 2330 695 2393 eiusmodi
727 2329 894 2393 mendacio
930 2349 1025 2413 quum
1052 2326 1298 2418 Theopomprnn
1417 2295 1419 2386 l

345 2423 590 2512 deprehendisse
617 2422 680 2496 sibi
707 2425 886 2503 rideretur,
929 2427 1069 2490 omnium
1103 2424 1193 2490 illum
1223 2449 1299 2514 gra·

188 2599 191 2606 ,
294 2520 296 2526 ’
344 2525 472 2588 vissime
493 2525 664 2589 accusavit.
704 2520 901 2609 Quamquam
920 2522 993 2586 vide
1011 2523 1086 2610 quid
1105 2523 1146 2587 de
1160 2522 1295 2608 Polybio

345 2634 476 2699 statuas,
495 2622 554 2685 uix
572 2619 670 2684 ullum
696 2632 838 2685 veterum
866 2618 1088 2686 historicorum
1105 2643 1296 2687 commemo·
1416 2631 1418 2780 p

209 2735 212 2742 ⁴
343 2731 445 2795 rante,
464 2719 539 2804 quin
552 2737 624 2780 enm
636 2716 838 2782 vehementer
846 2718 1035 2788 insectetur:
1055 2715 1291 2782 naminTheo·
1417 2787 1418 2814 p

343 2835 492 2902 pompum
514 2833 554 2877 ea
574 2815 672 2879 utitur
696 2816 899 2878 contentione
919 2834 958 2880 ac
983 2812 1153 2879 verborum
1173 2813 1290 2882 acerbi·

346 2923 428 2990 tate,
455 2932 537 2996 quae
562 2931 641 2988 nos,
668 2929 709 2973 ne
736 2922 855 2976 temere
881 2909 1062 2989 credamus,
1081 2912 1293 2978 commonefa-

346 3013 418 3080 ciat.
459 3008 568 3072 Loens
596 3019 646 3072 est
670 3004 796 3090 Polybii
823 3008 858 3070 in
883 3008 924 3073 L.
945 3005 1033 3074 vm
1061 3008 1294 3076 e.11.-13.
1416 3013 1418 3104 l

346 3105 441 3171 Tem.
465 3103 521 3171 ΙΙΙ.
546 3127 578 3190 p.
600 3104 652 3176 27.
672 3125 759 3190 seqq.
788 3105 838 3168 ed.
858 3103 1039 3191 Schweigh.
1086 3103 1204 3172 Narrat
1225 3111 1296 3195 qni·

345 3202 406 3270 hus
426 3202 528 3267 modis
541 3201 721 3288 Philippum
737 3199 962 3290 Theopompus
972 3204 1007 3266 in
1024 3207 1187 3287 prooemio
1201 3229 1298 3293 prse-

346 3301 515 3366 dicaverit:
535 3310 723 3362 commotum
743 3321 779 3362 se
797 3298 1012 3384 magnitudine
1031 3297 1168 3366 honunis
1188 3303 1298 3370 dicere

348 3398 388 3462 ad
407 3417 460 3461 res
478 3396 548 3460 eins
566 3393 767 3472 scribendas3
795 3409 898 3461 tamen
921 3395 1005 3460 huuc
1025 3409 1057 3460 et
1077 3400 1111 3461 in
1131 3401 1201 3485 ipso
1218 3423 1297 3488 pro-

348 3496 452 3559 oemio
464 3505 497 3557 et
506 3503 572 3556 tota
586 3494 620 3554 in
632 3490 765 3557 historia
775 3494 974 3579 maximeque
985 3494 1076 3560 initio
1085 3495 1156 3561 libri
1166 3493 1295 3563 XLIX.

350 3797 371 3850 P
404 3713 443 3846 ¹⁸)
469 3713 525 3770 cir.
550 3711 672 3769 Boeclrh.
702 3713 803 3768 Occou.
825 3713 880 3768 aar.
902 3711 924 3766 1.
956 3730 982 3784 p.
1009 3713 1071 3772 sto.
1100 3725 1129 3771 et
1151 3717 1231 3774 Koch
1262 3721 1293 3773 in

371 3809 476 3864 roegg.
550 3827 552 3832 .
