2838 4808
427 327 634 396 ...w-

43 517 84 569 et
109 502 226 568 decem
254 505 396 568 ouantes
424 510 640 575 concesserat,
675 493 934 564 Halicarnassum
960 497 1007 560 di·

44 590 188 686 gressus
206 611 266 664 est.
287 599 314 684 ¹)
356 594 422 662 Sed
442 607 608 682 postquam
626 592 827 674 Alexander,
847 593 1008 660 Phoenice

45 710 82 762 et
102 695 206 782 Syria
223 707 369 782 recepta,
398 693 440 770 ad
458 691 640 778 Aegyptum
656 711 754 778 usqne
777 703 1009 777 penetraverat,

42 791 146 880 plebe
174 789 338 870 chamo,
368 788 535 854 navalibus
553 786 731 854 Alexandri
754 791 853 874 copiis
873 789 1009 854 advoca·

46 893 113 966 tis,
143 888 316 957 Persarum
340 885 533 974 praesidium
560 887 672 950 eiecit:
702 906 764 973 qno
797 886 882 952 laeto
910 887 1007 951 etiam

48 982 188 1050 Leshus
218 998 252 1050 et
278 982 346 1050 Cos
377 1005 397 1049 a
423 978 652 1048 Macedonibus
685 996 907 1070 recuperatae,
924 993 1008 1046 sunt.

51 1080 285 1166 Apollonidem
321 1101 396 1144 vero
433 1076 563 1156 Chium,
606 1073 788 1156 Phisinum,
822 1076 1009 1166 Megareum

52 1192 247 1267 ceterosque
274 1177 460 1243 deiectionis
486 1172 639 1240 Chiorum
665 1187 813 1270 auctores
840 1172 881 1241 ab
901 1174 1010 1262 Hege-

52 1275 173 1354 locho,
207 1273 434 1341 Macedonicae
463 1270 574 1338 classis
603 1272 702 1348 duce,
735 1272 795 1356 (cf.
821 1271 950 1338 Arriam
969 1269 1011 1350 11,

55 1375 91 1450 2,
114 1373 161 1458 6.)
181 1375 217 1438 in
240 1371 422 1458 Aegyptum
449 1368 601 1434 deductos
627 1380 660 1432 et
681 1367 931 1455 Elephantinen,
950 1391 1013 1434 ex·

55 1483 195 1536 tremam
215 1473 285 1535 eius
304 1467 489 1554 provinciae
507 1462 629 1547 urbem,
644 1465 804 1554 relegatos
825 1466 1011 1534 Alexander

56 1569 128 1632 acri
144 1567 292 1632 custodia
312 1560 526 1628 circumdedit.
541 1562 573 1647 Β)

146 1661 222 1728 Jam
245 1659 399 1746 duplicem
426 1659 583 1724 rationem
608 1661 802 1746 iniri.posse
829 1660 941 1739 video,
975 1671 1011 1724 ut

60 1757 380 1846 Theopompmnaut
399 1753 458 1822 sub
469 1757 574 1841 ipsum
585 1755 762 1823 Alexandri
775 1761 810 1822 in
821 1757 933 1824 Asiam
954 1757 1012 1823 ad·

62 1871 204 1934 ventum,
224 1867 297 1940 post
313 1873 454 1941 pugnem
472 1852 513 1918 ad
526 1851 709 1935 Granicum,
730 1853 856 1942 Olymp.
871 1853 960 1936 CXI,
979 1855 1012 1921 3.

60 1950 136 2017 334.
154 1977 183 2018 a.
212 1949 289 2017 Chr.
317 1949 440 2016 civibus
466 1952 534 2014 suis
564 1951 814 2016 commendatum
841 1973 930 2034 esse,
957 1965 1012 2019 ant

60 2063 137 2136 post
160 2062 321 2134 receptam
347 2046 485 2124 Chium,
510 2045 542 2111 h.
564 2069 592 2112 e.
614 2047 740 2134 Olymp.
760 2046 864 2128 CXII,
887 2053 916 2115 1.
936 2051 1010 2116 332.

65 2169 86 2209 a
113 2142 188 2210 Chr.
212 2147 299 2230 regis
324 2146 428 2231 matie
452 2145 488 2208 in
507 2147 641 2230 petr-iam
666 2145 800 2210 rediisse
825 2160 1010 2214 statuamus.
1134 2147 1137 2154 ’

62 2239 208 2306 Difficile
238 2241 324 2306 dictu
359 2251 427 2318 est,
457 2253 562 2306 uuum
591 2239 704 2307 horum
737 2243 844 2308 verius
874 2247 926 2310 sit.
974 2243 1013 2312 Si

62 2342 168 2427 prius,
188 2349 224 2402 nt
244 2357 306 2423 ego
328 2339 469 2402 maxime
490 2339 620 2424 opinorr
647 2353 741 2404 natus
761 2352 812 2404 est
830 2337 1013 2430 Theopom-

64 2457 126 2522 pus
149 2433 276 2522 Olymp.
301 2432 341 2512 C,
360 2437 407 2498 2.:
438 2437 490 2500 sin
522 2437 681 2524 posterius
713 2436 900 2524 probemus,
932 2439 1014 2507 dnos.

65 2529 127 2594 hus
147 2532 239 2593 annis
260 2533 417 2596 recentior
435 2529 483 2597 fit.

150 2624 195 2692 At
213 2640 408 2715 repugnant,
434 2630 577 2717 inquies,
608 2629 730 2696 Plinius
746 2643 779 2696 et
799 2631 929 2712 Saldae,
956 2635 1012 2719 qui

66 2728 95 2791 si
121 2745 197 2790 vera
235 2722 276 2789 de
310 2737 467 2812 tempore,
500 2746 561 2814 quo
590 2723 756 2794 Mausolus
788 2743 931 2798 mortuus
960 2736 1012 2811 eit,

67 2823 275 2902 tradiderunt,
303 2819 376 2886 fieri
400 2842 466 2887 non
490 2833 613 2909 potest,
642 2836 678 2888 ut
696 2823 884 2914 Olympiade
906 2842 1013 2895 cente·

67 2925 146 2987 sima
170 2934 265 2986 natus
287 2921 330 2984 sit
356 2915 593 3006 Theopompus.
642 2920 696 2986 Ex
717 2921 777 2988 hoc
798 2944 857 2990 nos
879 2923 1012 2992 difficul-

68 3031 131 3083 tate
149 3017 278 3105 expedit
297 3014 476 3094 Diodorus,
504 3019 557 3104 qni
579 3015 761 3085 Mausolum
790 3022 922 3109 integris
949 3045 1013 3090 sero

69 3113 307 3202 olympiadibus
338 3127 370 3178 et
388 3113 481 3202 'qnod
509 3118 649 3180 excurrit
672 3131 745 3205 post
770 3116 896 3207 Olymp.
923 3117 961 3198 C,
981 3125 1012 3186 2.

72 3215 187 3276 vixisse
204 3214 299 3278 docet
317 3211 392 3278 Lib.
409 3207 504 3278 XVI.
523 3234 551 3277 o.
572 3213 624 3276 36.
675 3213 725 3280 Ae
745 3235 787 3278 ne
812 3213 892 3280 forte
914 3215 1011 3297 dicas,

71 3329 192 3374 errasse
211 3299 375 3376 hominem
386 3308 602 3396 negligentiae
614 3331 712 3396 saepe
731 3313 917 3406 convictnnp
937 3312 1011 3401 lege

72 3407 203 3474 eundem
230 3405 303 3472 Lib.
324 3403 420 3473 XVI.
437 3427 477 3472 ⁴c.
501 3404 533 3476 7·
564 3405 620 3472 ubi
649 3403 831 3476 Mausolum
859 3410 950 3478 Chiis
976 3415 1012 3477 in

138 3669 904 3798 mmmmmwmm‘

137 3803 161 3869 2)
175 3802 281 3865 mmai.
299 3809 334 3865 da
350 3809 454 3880 Exped.
471 3810 547 3867 Alex.
561 3809 610 3876 ill,
628 3809 656 3876 2,
674 3808 700 3877 ί.
718 3808 811 3866 4-9.
