2854 4794
129 1317 275 1476 Quem
299 1403 351 1459 ex
373 1381 455 1456 Tuo
479 1402 597 1480 nuper
616 1379 790 1470 discessu,
809 1377 981 1470 Meincki,
1008 1377 1074 1454 Vir

127 1507 385 1594 celeberrime,
409 1527 613 1578 maerorem
636 1504 873 1600 suscepimus,
897 1511 1073 1600 quotquot

123 1629 265 1704 Tecum
287 1627 534 1700 communium
561 1625 763 1700 officiorum
791 1625 963 1698 socictate
987 1643 1071 1696 con·

125 1751 240 1822 iuncti
260 1749 458 1838 fueramus,
480 1750 513 1822 is
537 1771 610 1845 quo
634 1769 695 1820 me
713 1748 860 1842 gravius
883 1766 994 1842 quam
1013 1767 1070 1817 ce-

110 1883 220 1945 teros
242 1871 416 1970 perculit,
447 1867 546 1967 quod
569 1869 687 1960 multa
713 1865 793 1942 Tua
816 1877 926 1966 atque
948 1868 1069 1941 maxi-

122 2016 187 2067 ma
206 1994 248 2064 in
271 1985 440 2064 me'inde
474 1989 520 2064 ab
553 1991 643 2088 ipsis
672 1989 849 2087 pueritiae
871 1989 977 2064 aunis
1002 2010 1068 2063 ex-

126 2122 267 2186 starent
288 2111 478 2199 beneficia,
491 2113 694 2209 magnaque
717 2122 755 2182 et
776 2111 906 2185 suisset
925 2133 1068 2210 semper

122 2227 160 2305 ct
182 2244 281 2306 esset
302 2233 377 2305 mei
406 2229 506 2330 apud
531 2231 583 2306 Tc
615 2234 760 2324 caritas,
790 2231 992 2324 admonuit,
1026 2246 1068 2307 ut

121 2353 259 2452 aliquid
282 2354 478 2430 scriberem
503 2351 552 2428 ad
565 2351 632 2444 Te,
654 2375 726 2450 quo
750 2353 898 2428 etmihi
914 2356 953 2428 in
968 2378 1069 2432 sume

120 2499 185 2548 mo
208 2499 291 2549 meo
315 2475 440 2549 dolore
464 2475 637 2550 solatium
651 2497 832 2572 pararem,
854 2487 892 2548 et
915 2489 1066 2574 mutuae

121 2607 270 2670 nostrae
290 2598 469 2671 amicitiae
489 2596 803 2694 suavissimaeque
835 2599 1064 2672 consuetudi-
1085 2584 1087 2591 ’

117 2713 175 2790 nis
206 2731 487 2792 monumentum
520 2715 719 2814 quoddam
741 2717 956 2813 conderem,
991 2745 1064 2819 quo

116 2838 174 2914 'l'n
202 2849 239 2916 et
270 2842 344 2913 mei
372 2861 639 2937 nonnunquam
669 2849 707 2912 et
735 2831 882 2930 eorum,
919 2846 982 2940 qui
1009 2843 1063 2918 Te

116 2963 268 3061 plurimi
288 2961 388 3062 apud
408 2984 476 3038 nos
501 2963 630 3062 colunt
659 2959 891 3058 aediligunt,
922 2987 1061 3058 memo·

115 3085 210 3160 riam
246 3107 452 3160 revocares.
514 3082 569 3159 Ac
613 3084 915 3183 circumspicienti
941 3085 1060 3178 mihi,

119 3203 207 3300 quid
234 3207 463 3306 potissimum
492 3227 659 3280 meorum
683 3205 765 3279 'fibi
794 3205 978 3297 offerrem,
1005 3211 1060 3282 ni-

114 3325 168 3397 hii
199 3348 289 3398 sane
314 3327 486 3418 occurrit,
513 3325 611 3428 quod
641 3324 723 3400 Tua
751 3330 965 3402 auctoritate
994 3329 1059 3402 do-

114 3449 306 3543 ctrinaque
340 3427 489 3543 (iignum
524 3445 728 3522 videretur:
773 3445 840 3521 sed
873 3472 985 3545 quum
1018 3452 1057 3525 in

115 3593 159 3642 eo
177 3591 312 3665 genere
335 3569 644 3655 munusculomm‚
675 3566 817 3665 dequo
841 3592 908 3663 ego
925 3573 1058 3670 cogitq-

116 3713 205 3778 rem‚
228 3713 304 3763 non
325 3691 483 3788 pretium
509 3691 575 3777 rei,
598 3687 664 3762 sed
685 3690 912 3764 voluntatem
935 3697 1056 3766 maxi-

111 3809 318 3886 medentis
346 3806 504 3910 spectari
532 3808 709 3899 viderem,
737 3830 788 3883 ex
815 3809 884 3884 hac
906 3835 967 3886 me
989 3815 1056 3889 du-
