2838 4808
687 287 896 349 ...28.-

324 467 409 532 etus,
431 453 610 518 erudiendis
630 453 797 518 iuvenibus
825 467 988 541 quaestum
1014 455 1118 520 faeere
1137 469 1329 520 coactus

323 564 416 615 esset.
453 550 558 638 Atque
577 554 612 613 in
628 554 791 636 prooemio
810 551 1010 616 historiarum
1018 574 1147 616 suarum
1157 549 1326 616 Theo·

320 669 469 733 pompam
490 670 510 712 a
532 661 705 712 ceterorum
734 651 919 734 scriptorum
940 647 1189 734 reprehensione
1226 670 1321 712 ex-

322 743 444 808 ordium
476 744 607 810 duxisse
638 743 813 828 Dionysius
848 757 964 809 namet.
989 745 1025 828 ¹)
1067 743 1142 810 Hue
1176 745 1326 820 adde,

320 841 404 929 quod
431 842 546 906 diserto
575 842 737 907 Ciceronis
765 841 958 927 aliorumque
985 842 1164 906 testimonio
1194 862 1312 903 con-

320 950 400 1016 stat,
431 934 603 1005 Isocratem
632 938 860 1003 Atheniensem
890 939 960 1001 foro
997 937 1183 1024 publicaque
1236 937 1310 1000 di-

322 1035 413 1098 cendi
431 1039 659 1100 exercitatione
679 1038 836 1113 earnimo,
856 1035 895 1098 de
918 1057 979 1121 quo
1000 1033 1163 1099 admonuit
1178 1031 1302 1116 Tay-

318 1129 415 1197 lorus.
431 1131 463 1216 ²)
513 1128 635 1208 Quodsi
657 1133 726 1218 ipse
751 1132 828 1198 illud
847 1130 1073 1217 Theopompus
1094 1132 1301 1194 memoriae
1403 1177 1404 1200 ,

318 1228 522 1313 prodidisset,
554 1247 619 1291 non
653 1239 759 1313 potest
790 1249 854 1292 non
886 1231 999 1292 mirum
1024 1227 1145 1304 videri,
1181 1227 1293 1313 quod

318 1345 464 1410 umquam
487 1323 527 1386 de
547 1321 686 1389 Isocrate
707 1324 895 1390 Atheniensi
916 1324 1088 1388 dubitatum
1109 1327 1166 1388 sit:
1191 1345 1289 1388 nam

318 1423 446 1484 minimo
475 1433 670 1486 constantem
698 1423 815 1485 famam
844 1423 942 1485 fuisse
964 1443 1009 1484 ox
1030 1419 1134 1484 Gellio
1157 1419 1283 1506 liquet.
1402 1429 1405 1459 ¹

303 1507 426 1602 xItaque
448 1517 526 1582 mihi
545 1519 670 1606 quidem
689 1517 882 1603 Porphyrius
903 1517 1036 1582 eundem
1055 1536 1133 1579 sane
1156 1513 1280 1580 Theo-

317 1615 424 1698 pompi
457 1612 562 1678 locum
597 1637 634 1678 ae
661 1613 794 1677 Photius
821 1616 1003 1699 respexisse
1033 1613 1175 1687 videtum
1208 1615 1273 1678 sed

318 1729 390 1772 euru
411 1721 465 1773 aut
488 1712 557 1796 ipse
583 1732 693 1795 parum
721 1721 867 1773 accurate
893 1712 1051 1794 inspexit,
1080 1723 1137 1773 aut
1161 1712 1271 1775 ineer-

317 1816 383 1866 tum
403 1826 563 1872 rumorem
587 1819 739 1892 sequutus
760 1818 823 1883 est,
853 1804 978 1891 qualeS,
1005 1802 1061 1868 ubi
1086 1808 1189 1872 semel
1208 1831 1264 1873 ex·

316 1901 479 1979 stiterunt,
495 1902 714 1988 plerorumque
734 1903 879 1966 socordia
901 1903 1066 1965 sustentati
1085 1924 1258 1990 propagan-

315 2011 375 2061 tur.
428 1993 519 2073 Qnae
543 2003 571 2063 si
599 1997 808 2064 Ruhnkenius
836 2002 913 2062 satis
934 1998 1168 2084 perpendisset,
1195 2023 1262 2066 non

314 2094 444 2175 dubito,
464 2098 539 2184 quin
558 2119 659 2183 neque
670 2094 837 2180 Porphyrii
856 2097 1069 2161 testimonirun
1083 2098 1174 2160 nimis
1188 2119 1256 2160 ma·
1301 2110 1308 2116 ’

313 2197 369 2278 gni
390 2195 534 2270 fecisset,
566 2205 598 2256 et
619 2190 758 2274 Tayloro
780 2191 894 2274 (Leett.
913 2190 991 2272 Lys.
1014 2213 1041 2254 c.
1061 2190 1116 2256 ΠΙ.
1133 2214 1161 2276 p.
1179 2192 1250 2254 232.

313 2309 379 2372 seq.
404 2284 445 2348 T.
466 2285 525 2350 VI.
549 2288 599 2349 ed.
624 2285 755 2368 Reisk.)
786 2289 890 2350 minus
926 2289 1040 2351 acriter
1070 2289 1254 2376 obloquutus

314 2384 436 2447 fuisset.

394 2478 432 2544 In
453 2481 574 2545 victrici
591 2482 687 2566 igitur
707 2476 764 2542 illa
785 2479 927 2542 oratione
948 2503 1026 2567 qnos
1042 2480 1258 2548 laudesMau·

311 2577 372 2643 soli
402 2579 565 2662 expositas
592 2577 690 2640 fuisse
717 2573 880 2662 probabile
909 2591 975 2656 est,
1003 2600 1058 2642 eas
1077 2577 1259 2667 Theopom·
1404 2605 1406 2726 p

310 2695 369 2762 pus
396 2678 431 2737 in
457 2671 589 2734 historia
615 2693 673 2735 sua
698 2671 746 2736 illi
769 2674 898 2736 minime
918 2673 1100 2740 tribuendas
1126 2681 1260 2762 putavit.

380 2977 405 3043 Ι)
431 2977 522 3048 Antiq.
547 2975 709 3052 Rom.'1,1.
745 2973 820 3028 Idem
844 2973 899 3028 tuit
923 2973 1054 3028 Timaeus
1080 2975 1177 3041 (Diod.
1199 2979 1255 3034 Sic.

310 3062 383 3126 xllt,
400 3061 457 3121 90.)
482 3059 529 3128 qui
552 3058 626 3127 apud
649 3056 807 3125 Longinum
829 3055 863 3108 de
888 3055 1002 3109 Surum.
1021 3055 1069 3110 lv.
1092 3073 1120 3128 p.
1139 3057 1184 3114 13.
1204 3061 1256 3116 01.

309 3138 455 3212 ditaretur
472 3137 521 3207 μὲν
537 3135 752 3210 tremuerant
770 3130 984 3208 ἁμαρτημάτων,
1006 3129 1209 3208 ἅνεπαίοθηιος
1226 3139 1256 3197 de'
1324 3136 1326 3142 ’
1405 3173 1406 3212 3

307 3224 360 3280 τῶν
378 3215 453 3278 ἰδίων
469 3218 577 3271 (licitur.
920 3235 924 3246 '
1298 3217 1302 3224 ’

377 3319 404 3386 2)
421 3319 465 3372 En
488 3318 541 3371 tibi
563 3319 650 3386 ipsius
669 3315 942 3370 Pseudo-Plutarchi
965 3315 1050 3370 uerba
1067 3334 1094 3389 p.
1112 3319 1177 3377 236.
1196 3321 1256 3380 ἐπεὶ

309 3399 337 3460 δ’
353 3397 480 3474 ἠνδρώθη
500 3395 695 3471 (Ἰσοκράτης),
716 3399 769 3452 τῶν
785 3397 834 3466 μὲν
850 3397 988 3451 πολιτικῶν
1002 3395 1168 3472 πραγμάτων
1183 3399 1253 3458 aiud·

307 3502 400 3552 σκετο,
424 3475 588 3549 ἰσχνόφωνός
608 3475 634 3532 τ’
653 3475 751 3532 ὤνκαὶ
770 3473 883 3547 εὐλαβὴς
900 3474 946 3532 τὸν
968 3473 1067 3552 τρόπον
1084 3508 1135 3547 -,
1160 3479 1252 3546 ἄλλοις

309 3564 340 3620 δὲ
361 3558 535 3635 μεμελετηκὼς
561 3559 700 3628 φαίνεται,
731 3555 791 3612 ἕνα
813 3556 847 3612 δὲ
871 3554 979 3628 μόνον
1007 3555 1109 3616 sisois
1130 3561 1251 3636 λόγον.
1404 3557 1406 3690 Ι

308 3640 466 3717 τὸνπερὶ
484 3645 541 3712 τῆς
555 3634 787 3702 Ἀντιδόσεως.
818 3639 866 3693 cir.
879 3638 958 3696 Phot.
971 3643 1036 3698 cod.
1055 3646 1157 3700 CCLX.
1173 3648 1250 3702 1211.
1405 3694 1406 3712 ,

308 3745 334 3805 p.
351 3727 416 3792 480,
434 3725 481 3778 20.
1405 3815 1406 3864 1
