2838 4808
470 285 677 350 ..19-

69 459 239 542 iungeret,
259 454 294 540 ⁸)
318 475 509 544 quamquam
526 453 581 520 olii
593 455 626 520 id
639 475 712 520 eom
724 453 945 524 emulationis
966 481 1040 526 con·
1078 465 1079 468 ’

40 613 44 620 .
71 566 118 618 tra
138 553 325 624 Platonem
345 554 453 620 studio
478 553 652 616 instituisse
672 553 787 618 dicant.
803 553 834 637 ²)

155 650 232 715 Sed
257 673 383 738 operae
402 653 543 736 pretium
564 661 628 725 est,
646 649 793 734 quosdam
810 647 937 716 illorum
954 673 1039 720 com·

38 769 281 825 memorare,
299 770 388 836 quos
407 761 478 812 tum
500 744 634 811 Graecia
661 744 881 812 admirabatur:
900 750 1040 837 quando·

36 846 205 939 quidem
232 843 356 910 talium
383 856 602 930 tantorumque
628 841 790 908 hominum
816 847 1041 916 cousuetudine

34 955 106 1035 tet
137 939 363 1028 Theopompi
392 942 491 1006 nostri
523 939 627 1004 studia
653 942 787 1004 incitata
814 953 903 1028 etque
932 943 1041 1012 adiuta

34 1061 144 1116 esse
158 1037 369 1133 probabile
372 1050 437 1114 est,
463 1048 496 1100 et
518 1033 668 1122 quasdam
692 1057 766 1101 eum
793 1058 837 1100 ex
858 1037 912 1103 illo
932 1040 1039 1106 condi·

34 1136 241 1224 scipulatu
272 1123 459 1200 inimicitias
473 1124 664 1220 suscepisse
686 1135 831 1198 coniicio.
879 1134 1039 1223 Principes

34 1227 912 1320 igiturlsocraticorumsueruntEphomsCumeeus,
933 1253 1040 1318 quam·

34 1352 176 1416 qnam
198 1331 230 1394 is
260 1330 387 1418 quidem
414 1330 521 1392 minus
549 1329 697 1412 ingenio,
722 1341 757 1391 ut
782 1327 919 1404 videtur,
946 1351 1039 1416 quam

34 1427 252 1511 diligentia
276 1426 485 1511 conspicuus3
506 1420 707 1490 Theodectes
721 1423 889 1502 Phaselita,
904 1423 934 1509 1)
951 1423 1040 1492 Nau·

80 1537 190 1586 crates
219 1521 432 1634 Erythraeus,
444 1521 475 1603 ⁴)
501 1519 721 1584 Anaximenes
741 1521 989 1636 Lampsacenus,
1009 1525 1039 1604 ⁴)

84 1617 352 1710 Cephisodotus,
380 1618 429 1680 cui
449 1615 627 1682 Historiam
654 1614 728 1680 belli
745 1619 828 1681 sacri
848 1614 888 1681 ab
908 1616 1039 1704 Anony-

88 1733 147 1776 mo
179 1717 310 1800 interpr
336 1713 375 1776 ad
400 1713 532 1780 Aristot.
563 1711 685 1778 Nicom.
707 1709 762 1774 ΠΙ.
788 1736 820 1799 p
811 1709 897 1778 ..46
913 1712 944 1779 b.
963 1713 1037 1794 lau·

91 1808 201 1872 datam
225 1831 289 1874 non
316 1812 385 1872 sine
414 1831 532 1894 magna
555 1811 662 1895 specie
680 1805 906 1894 probabilitatis
931 1812 1039 1880 tribuit

87 1901 304 1972 Ruhnkenius
325 1906 411 1970 tusc
432 1905 509 1974 Crit.
531 1906 588 1970 Or.
608 1905 663 1970 Gr.
684 1904 798 1991 p.159.
820 1919 852 1970 et
873 1922 945 1974 ente
966 1929 1039 1978 eum

87 1998 222 2064 lansius
253 2004 290 2064 de
315 2005 423 2088 script.
448 2003 532 2067 Hist.
556 2000 794 2079 Philositi.
820 2025 851 2090 p.
873 2009 924 2072 80.
965 2007 1037 2074 Du·

93 2093 199 2171 hicat,
238 2097 310 2174 sed,
341 2112 377 2160 ut
409 2099 550 2184 equidem
581 2097 731 2174 arbitror,
761 2100 878 2166 iniuria
903 2103 1039 2172 Siehelis

91 2190 197 2276 Epist.
225 2193 264 2256 ad
281 2193 438 2258 Lennium
460 2218 491 2280 p.
508 2191 584 2260 XV.
626 2195 793 2260 Harlesius
819 2218 895 2264 vero
917 2201 957 2266 ad
976 2202 1038 2268 Pa·

89 2284 168 2349 bric.
192 2273 281 2352 Bihl.
296 2287 351 2353 Gr.
370 2287 410 2352 ΙΙ.
430 2314 462 2376 p.
482 2291 554 2354 353.
576 2290 651 2356 belli
674 2295 756 2358 sacri
776 2296 960 2382 scriptorem
980 2321 1037 2366 nc·

93 2405 155 2468 que
178 2386 311 2450 eundem
332 2410 404 2452 cum
423 2384 574 2450 Isocratis
599 2387 751 2476 discipulo
773 2403 805 2456 et
822 2393 960 2460 incertae
982 2419 1036 2462 ae·

95 2483 172 2542 tatis
193 2471 260 2545 e'sse
279 2487 446 2548 existiruat.
489 2481 551 2546 llis
571 2481 651 2549 adde
673 2485 902 2572 Asclepiadem,
918 2513 1038 2577 τραγῳ-

99 2573 248 2657 δουμέιων
266 2583 462 2666 scriptorem,
489 2577 647 2644 Plutarch.
672 2578 714 2643 V.
740 2575 785 2644 X.
805 2579 892 2650 Orat.
915 2612 946 2675 p.
937 2591 1036 2662 .23·7.

99 2669 233 2738 Werfer.
254 2675 325 2742 Aet.
343 2675 454 2740 Philol.
475 2673 604 2739 lllonac
625 2672 754 2763 Τ.Ι.ιι.
772 2673 842 2744 492.
834 2702 923 2772 .rqq.
961 2686 1037 2754 Phi.

158 2996 261 3060 octe.
278 2997 361 3051 ruse.
378 2998 458 3067 nup.
477 2998 498 3063 1.
515 2998 544 3052 4.

157 3095 189 3164 2)
209 3095 373 3150 'theodorus
390 3098 512 3153 Metoch.
547 3100 626 3156 Miro.
645 3101 746 3157 Philas.
766 3108 795 3160 et
814 3096 887 3158 illst.
902 3123 927 3161 o.
946 3108 993 3166 25.

161 3195 189 3258 3)
207 3197 321 3250 Debeo
338 3199 456 3266 insignis
479 3208 522 3254 est
546 3202 623 3256 locus
647 3203 742 3272 Steph.
758 3204 829 3272 Byr.
846 3219 874 3272 p.
890 3207 955 3265 0⁹2
974 3213 1033 3268 Pin.

93 3276 145 3327 obs
131 3292 197 3328 sr've
165 3283 260 3328 matus
274 3279 330 3330 iam
350 3280 393 3331 Ru
393 3281 519 3335 hakenio.
551 3284 619 3338 Add.
637 3285 788 3352 Gaetumg.
804 3285 840 3340 ad
857 3289 970 3345 ertot.
982 3293 1033 3348 Po·

89 3355 132 3488 ipit,
155 3371 185 3424 p.
203 3355 340 3490 29ὲ74ιιι.
375 3361 465 3416 Natus
483 3369 544 3416 eret
563 3364 803 3434 circs01ymp.c.
840 3368 876 3424 ci.
895 3370 1033 3430 Plutarch.

122 3451 169 3490 ex.
187 3453 207 3506 p

159 3537 190 3600 4)
207 3536 352 3590 Ruhnken.
368 3503 417 3593 tal
419 3548 438 3594 t.
457 3543 523 3597 crit.
541 3559 568 3612 p.
582 3545 664 3602 loca
679 3545 845 3602 Naucratem
859 3557 971 3619 poetam
988 3574 1032 3614 oo.

94 3617 191 3671 micum
209 3617 346 3672 habemus
365 3624 435 3690 apud
452 3623 550 3676 Athen.
569 3624 646 3695 X.p.
663 3622 728 3680 399.
746 3627 779 3680 E.

159 3717 184 3782 ⁵)
202 3718 280 3776 Suid.
291 3721 346 3775 ct
336 3725 461 3802 inprimis
474 3723 590 3794 Dionys.
604 3727 638 3780 de
651 3728 729 3782 Isaeo
744 3727 788 3782 19
805 3727 867 3786 Vol
881 3731 913 3790 V.
907 3741 1031 3810 .p.d25.

757 3816 785 3881 B
807 3822 827 3879 2
