2838 4808
718 431 777 514 1-
820 391 946 460 44-’-

365 525 488 628 Polluci
506 559 550 640 V,
568 556 619 628 42.
669 563 780 630 Potest
807 568 909 630 etium·
928 567 968 629 dc
993 579 1131 652 tempore
1161 569 1326 633 editorum

365 659 610 747 Philippicorum
631 665 755 748 quaeri:
778 662 817 725 de
837 684 898 748 quo
916 663 990 728 licet
1013 667 1090 728 certi
1111 663 1189 728 nihil
1207 665 1324 730 afferri

365 778 460 846 posse
487 758 641 834 videatur,
667 757 859 824 hortamen
886 759 1048 844 probabile
1074 770 1163 846 puto,
1190 782 1229 824 ea
1251 784 1325 826 non

365 875 435 918 esse
458 857 532 918 rivo
542 855 728 920 Alexandro
749 855 907 941 evulgata.
951 855 1045 932 Quod
1062 881 1123 944 qua
1144 857 1185 921 de
1205 880 1324 923 caussa

363 954 409 1014 ita
426 949 504 1014 mihi
526 951 680 1027 videatur,
708 967 774 1018 tum
794 953 896 1018 dicum
923 953 978 1018 ubi
998 955 1124 1039 Polybii
1145 957 1184 1019 de
1207 954 1321 1020 Theo-

364 1069 480 1134 pompo
497 1049 647 1111 iudicium
667 1049 867 1112 examinabo.
993 1115 996 1121 ,
1230 1057 1235 1064 ’

446 1144 597 1211 Proxime
619 1146 829 1210 nominandas
852 1156 900 1210 eat
925 1145 1233 1226 PPIKAPANOZ,
1258 1155 1319 1239 'qui

362 1239 444 1306 iiber
465 1263 560 1328 quum
579 1245 739 1307 ramosime
762 1265 781 1306 a
801 1241 961 1306 veteribus
982 1241 1138 1322 laudetur,
1170 1263 1212 1308 ne
1234 1247 1318 1308 tituli

345 1343 490 1429 ·quidem
509 1341 665 1405 rationem
692 1343 753 1404 viri
782 1341 867 1404 docti
894 1339 1113 1423 expedierunt.
1155 1336 1318 1427 Surpieari

363 1437 480 1524 aliquid
490 1457 658 1524 possumus
669 1458 712 1501 ex
726 1439 862 1504 Luciani
874 1435 1067 1520 'Pseudolog.
1081 1436 1133 1499 29.
1153 1434 1248 1502 Tom.
1260 1437 1318 1502 Ill.

362 1555 393 1623 p.
418 1534 487 1600 185.
509 1535 611 1601 Reitz.
636 1537 682 1600 τόν
710 1530 806 1606 οὕτως
832 1532 863 1595 ἐν
887 1527 987 1606 λόγοις
1013 1528 1247 1617 μεγαλότολμος,
1276 1533 1319 1608 ὡς

362 1631 413 1696 ἐπὶ
432 1629 485 1716 μὲν
504 1630 577 1706 τοὺς
597 1638 675 1714 τρεῖς
695 1629 816 1712 μοιχοὺς
834 1625 901 1692 ἀντὶ
924 1628 1034 1707 ’ξίφους
1059 1631 1196 1712 τρίαιναν
1213 1633 1317 1712 αἰτεῖν,

362 1728 416 1794 τὸν
435 1727 469 1794 δὲ
490 1725 671 1812 Θεόπομπον
698 1725 748 1788 ἐπὶ
773 1729 818 1806 τῷ
839 1722 1021 1808 Τρικαράνῳ
1045 1729 1186 1810 κρίνοντα
1212 1725 1314 1809 φάναι,

361 1823 525 1913 ’τριγλώχινι
541 1822 623 1904 λόγῳ
643 1820 845 1914 καθῃρηκέναι
859 1819 954 1884 αὐτόν
973 1821 1029 1894 τὰς
1042 1820 1236 1903 προύχούσας
1254 1825 1314 1888 αἰό-

362 1921 418 1996 λιις
436 1922 490 1986 καὶ
510 1920 613 2002 πόλιν,ι
631 1921 834 2004 ἐκτριαινῶσαι
855 1915 948 1981 αὐτὸν
967 1916 1022 1999 τὴν
1035 1915 1179 2000 Ἑλλάδα,
1197 1917 1249 1982 καὶ
1269 1915 1311 1982 εἷ-

361 2044 410 2086 ναι
421 2019 575 2106 Κέρβερον
592 2019 623 2080 ἐν
642 2023 708 2104 τρῖς
727 2011 834 2091 λόχοις.
875 2011 940 2079 Ubi
955 2015 1118 2080 Gesnerus
1129 2039 1221 2104 quum
1233 2023 1308 2100 Τρι-

361 2116 488 2201 κάρανα,
512 2114 673 2182 castellum
686 2127 803 2180 *terrae
823 2110 983 2176 Fhiiasiae
1004 2109 1167 2200 (Xenoph.
1189 2113 1232 2178 H.
1251 2113 1312 2178 Gr.

361 2216 435 2296 vil,
455 2221 486 2294 2,
507 2217 535 2279 i.
563 2212 670 2300 ibique
684 2201 882 2274 ''Schneiden
907 2207 947 2272 cf.
974 2207 1063 2272 Suid.
1093 2223 1126 2273 et
1154 2209 1314 2294 Harpocr.

361 2335 387 2377 s.
409 2335 441 2378 v.
461 2310 586 2388 Μϋλλερ.
612 2310 651 2371 de
681 2303 761 2370 Dor.
778 2303 818 2368 11.
850 2327 882 2391 p.
902 2300 987 2388 tot.)
1016 2326 1058 2368 ex
1085 2307 1181 2390 ipsius
1200 2304 1315 2371 'l'heo-

359 2411 467 2496 pompi
487 2405 568 2470 libro
587 2401 660 2468 LV.
684 2403 768 2490 apud
793 2401 903 2490 Steph.
932 2398 1010 2484 Byz.
1038 2423 1065 2466 s.
1086 2423 1115 2464 ν.
1144 2401 1315 2481 attulisset,

360 2505 517 2586 „Videtur
545 2525 632 2588 ergo,
659 2501 773 2585 inquit,
798 2501 833 2573 in
856 2495 911 2561 illo
938 2496 1019 2562 libro
1049 2516 1312 2563 commemorasse

360 2607 516 2669 actionem
538 2599 673 2686 aliquam
694 2617 784 2660 suam
797 2591 1042 2679 Theopompus,
1056 2609 1120 2680 qna
1139 2595 1179 2658 rie
1200 2594 1313 2659 Trica·

358 2723 437 2768 rano
465 2698 679 2762 iudicaverit!
722 2691 797 2756 Alio
832 2689 903 2782 loco
932 2691 994 2768 (ad
1024 2692 1159 2754 Lucian.
1187 2689 1228 2754 T.
1256 2691 1311 2756 ΠΙ.

358 2823 390 2886 p.
404 2798 493 2875 383.)
512 2792 627 2859 oblitus
640 2810 759 2865 eorum,
777 2809 857 2874 quae
873 2809 968 2871 supra
983 2790 1312 2874 scripseratsaactore

359 2907 394 2960 ut
413 2895 538 2974 vitietur
555 2889 585 2952 J.
604 2887 646 2952 A.
667 2885 814 2950 Fabricio
835 2881 916 2948 Btbl.
939 2880 1054 2948 Graec.
1077 2879 1118 2948 Τ.
1133 2881 1173 2949 ll.
1195 2909 1226 2974 p.
1238 2885 1311 2948 503.

361 2983 550 3074 Τρικάρανον
569 2989 651 3048 inter
668 2982 852 3058 comoedias
867 2979 1067 3068 Theopompi
1079 2982 1309 3066 (Atheniensis)
1408 3039 1409 3048 ,

358 3088 537 3176 deperditas
557 3084 656 3148 fuisse
678 3080 762 3143 dicit.
810 3079 944 3144 Piorsus
964 3077 1120 3144 mirabilia
1142 3081 1234 3144 affert
1254 3079 1310 3144 do·
1408 3161 1409 3176 ρ

359 3189 515 3249 missimus
533 3181 665 3265 Moyses
687 3174 838 3240 Solauusr
871 3175 920 3241 Ac
940 3175 1103 3240 Gesnei'us
1128 3177 1253 3262 quidem
1274 3178 1309 3238 in
1408 3191 1409 3256 ζ

357 3281 494 3346 Luciani
528 3277 636 3342 verbis
670 3273 913 3359 interpretandis
945 3270 1078 3335 mirifice
1105 3272 1213 3360 lapsas
1250 3286 1310 3350 est,
1408 3269 1409 3276 '

357 3399 455 3468 quum·
474 3377 612 3455 κρίνοντα
628 3373 666 3438 ad
680 3369 920 3456 Theopompum
937 3367 1084 3434 referret}
1103 3373 1173 3434 tum‘
1183 3369 1311 3455 quidem

358 3491 443 3543 certe
457 3475 611 3560 oportuit,
633 3471 716 3556 quod
732 3470 882 3554 sequitur,
903 3460 994 3526 αὐτὸν
1015 3463 1160 3532 deletum.
1199 3465 1310 3552 Ipsum
1408 3451 1409 3527 λ

357 3595 482 3662 quoque
501 3589 601 3656 genus
619 3566 768 3651 loquendi
786 3565 996 3630 offensionem
1014 3560 1192 3626 habiturum
1213 3576 1311 3626 esset.
1408 3597 1409 3612 ι

358 3669 441 3735 Nam
467 3669 576 3748 κρίνειν
599 3660 668 3724 τινὰ
694 3660 745 3722 ἐπι
769 3676 823 3724 τινι
850 3655 1031 3742 (ἐγκλήματι
1060 3659 1112 3723 vel
1131 3655 1311 3742 ἀδικήματι)
1408 3655 1409 3682 ³

358 3764 624 3853 optime‘dioitur:
644 3757 752 3843 κρίνειν
767 3755 907 3833 ἔναι’-τινι,
927 3760 979 3819 nie
996 3757 1111 3832 iudice,
1142 3775 1181 3818 ne
1205 3754 1311 3819 Grae·

358 3886 428 3929 oum
446 3861 570 3949 quidem
584 3869 643 3921 est.
684 3854 749 3923 Soti
772 3844 916 3936 όκρλιιαν
935 3865 985 3918 ast
995 3848 1214 3935 μεγαλότολμος
1234 3853 1314 3926 iste,
