2838 4808
449 306 656 372 ..13-

75 495 173 569 rupta
193 501 266 544 arce
288 480 433 557 mannitus,
459 474 653 543 ablithrina
670 475 808 560 receptu
833 472 908 540 inde
932 486 1024 560 quar·

21 613 26 654 p
76 594 114 642 ro
142 579 194 642 die
221 575 381 660 Ephesum
413 598 433 639 a
465 575 669 642 mercenariis
698 570 849 636 militibus
884 567 1025 635 relictam

21 711 28 750 t
78 675 226 757 pervenit
246 694 286 736 ac
305 671 453 758 populare
470 673 638 756 imperium
656 669 799 734 restituit.
818 673 848 748 ¹)
890 667 1027 752 Magne·

21 811 27 846 3
76 775 129 834 sia
163 785 197 834 et
234 767 357 832 Tralles
391 763 517 852 legatos
552 767 721 841 miserunt,
754 765 807 850 qui
841 785 897 828 eas
930 761 1025 828 urbes

21 907 25 944 p
73 866 263 932 Alexandro
283 865 453 928 traderent.
493 860 701 928 Antimachus
721 862 939 946 uuusquisque
959 860 1027 925 fere

21 1005 24 1042 Ι
75 963 218 1027 millibus
246 961 380 1026 militum
410 959 449 1026 ad
477 957 626 1023 Aeolicus
654 955 845 1044 Jouioasqua
872 958 1026 1033 civitates,

21 1105 22 1128 t
79 1082 101 1122 e
129 1059 239 1147 quibus
264 1059 385 1124 Persae
419 1055 559 1121 nondum
591 1067 814 1131 excesserant,
848 1051 1027 1118 liberandas

77 1159 280 1233 missorem,
300 1157 521 1241 negotiumque
541 1151 666 1229 datum,
686 1163 720 1216 ut
741 1152 937 1236 optimatium
956 1149 1027 1215 ubi·

76 1273 142 1336 que
166 1255 301 1338 imperia
329 1251 514 1316 dissolveret
540 1261 572 1314 et
594 1245 711 1334 populo
741 1269 894 1312 summam
921 1267 1027 1312 rerum

77 1347 230 1412 traderet.
249 1350 278 1431 ²)
327 1343 399 1422 Quo
428 1343 554 1433 quidem
585 1357 727 1430 tempore
751 1342 835 1410 baud
865 1341 960 1408 dubie
988 1365 1027 1408 ea

75 1459 154 1508 sunt
178 1444 309 1509 foedera
330 1444 416 1507 iacta
444 1454 477 1504 et
497 1439 612 1506 tabulis
639 1439 773 1526 publicis
797 1443 919 1518 incisa,
944 1463 1026 1528 quae

74 1538 284 1624 Mytilenaeis
299 1538 330 1616 ³)
350 1549 383 1599 et
404 1533 557 1601 Tenediis
577 1557 648 1602 cum
667 1535 851 1602 Alexandro
873 1534 978 1602 luere:
995 1536 1027 1622 ⁴)

77 1636 260 1698 cuiusmodi
285 1631 396 1698 foedus
425 1633 625 1726 essm-,cum
660 1631 747 1698 caru
775 1635 961 1698 convenisse
983 1653 1028 1698 ex

77 1754 119 1794 eo
145 1728 399 1814 probabilem,
428 1729 513 1815 quod
538 1727 599 1794 hos
627 1750 721 1808 mox,
749 1743 859 1816 utpote
885 1729 1029 1796 Alexan·

78 1827 128 1889 dri
153 1827 289 1903 etnicos,
320 1849 341 1892 a
366 1826 534 1891 Persarum
558 1828 701 1892 exercitu
733 1830 910 1912 oppugnari
939 1827 1028 1892 vide·

75 1943 158 1986 mus.
199 1924 304 2010 Atque
333 1922 444 1988 eadem
463 1922 593 1987 foedera
620 1921 706 1988 haud
726 1943 820 1988 secus
846 1945 940 2010 quam
961 1922 1028 1988 for·

74 2017 163 2084 mula
179 2022 268 2104 pacis
288 2041 308 2082 a
325 2019 494 2084 Persarum
519 2032 631 2102 postea
655 2017 788 2086 ducibus
814 2021 976 2105 proposita
997 2021 1027 2106 5)

78 2114 229 2178 exsulum
241 2117 439 2179 mentionem
462 2112 610 2179 babuisse
636 2114 799 2180 videntur:
822 2123 901 2202 qnos
922 2115 1028 2200 Ephe·

76 2232 149 2274 sum
174 2212 246 2296 ipse
271 2208 459 2276 Alexander
483 2210 622 2274 reduxit.
640 2210 671 2296 ⁶)
718 2210 788 2276 Rex
813 2215 936 2279 interea
964 2210 1028 2278 Mi·

74 2306 174 2373 letum
210 2307 409 2391 expugnavit
439 2319 532 2393 atque
565 2304 823 2374 Halicarnassum
858 2329 1029 2394 aggressus

76 2416 136 2468 ert.
178 2399 285 2478 Quam
300 2401 411 2466 urbem
429 2424 615 2490 quamquam
634 2402 787 2470 Memnon
802 2403 956 2484 Rhodius,
976 2410 1027 2474 oui

75 2513 145 2564 tum
182 2499 333 2584 temporis
360 2519 513 2564 summam
544 2521 650 2566 rerum
677 2499 796 2566 Darius
831 2505 1027 2589 permiserat,

76 2594 221 2658 maxima
250 2595 285 2656 vi
313 2591 480 2659 delendae
509 2610 697 2674 conaretur,
728 2599 803 2662 vicit
825 2612 930 2664 tamon
954 2597 1028 2664 Ma-

79 2691 234 2756 cedonum
250 2691 436 2754 constantia.
478 2685 691 2765 Quamobrem
706 2715 800 2780 quum
814 2717 918 2761 arcent
937 2718 1028 2783 prae-

77 2788 158 2851 sidio
178 2785 355 2864 firmasset,
382 2785 494 2852 relicta
516 2786 595 2852 urbe
620 2790 655 2852 in
676 2786 745 2854 Con
770 2791 905 2858 insulam
932 2796 1027 2858 traie-

148 3113 173 3176 ¹)
190 3113 298 3167 Arrian.
316 3111 350 3166 de
367 3111 472 3182 Exped.
488 3113 564 3168 Alex.
581 3113 602 3178 1,
625 3113 668 3168 17.

72 3283 76 3290 ι
147 3207 175 3274 ²)
194 3214 298 3266 Atrion.
317 3213 352 3266 de
372 3213 477 3283 Exped,
494 3215 569 3267 Alex.
588 3213 609 3277 l,
627 3214 672 3282 18,
690 3219 715 3284 ᾗ.
735 3216 750 3270 1
771 3245 805 3256 -
825 3217 852 3270 3,

84 3392 118 3446 ¹⁰
148 3307 176 3374 3)
195 3311 238 3366 De
265 3317 402 3386 scriptura
429 3314 510 3370 huius
542 3317 658 3372 nominis
688 3319 743 3372 rid.
774 3317 869 3374 Plebn.
891 3320 973 3375 Lesb.
998 3337 1034 3390 p.-

135 3409 213 3464 seqq.

146 3493 174 3558 4)
193 3494 301 3548 Arriae.
318 3495 352 3552 da
370 3497 476 3568 Exped.
494 3500 570 3556 Alex.
589 3500 623 3564 ll,
643 3497 669 3566 1,
686 3499 711 3566 ξ.
730 3501 755 3554 7.
774 3483 806 3566 ⁸2,
826 3501 852 3569 ξ.
871 3501 900 3556 4.

146 3595 172 3660 5)
192 3597 300 3650 Arrian.
314 3595 346 3650 ll.
365 3613 404 3652 cc.
470 3621 474 3638 ι

148 3692 173 3758 0)
190 3699 296 3752 Arrian.
314 3699 338 3764 1,
355 3698 399 3764 1⁷,
415 3701 441 3766 ἱ.
462 3701 505 3755 ll.
