2854 4794
739 458 951 524 -6-

376 640 552 717 bitatione
573 631 744 735 expedii,
767 642 805 704 et
826 653 908 704 rem
933 623 1114 702 eiusmodi
1132 625 1243 720 elegi,
1274 624 1319 698 de

378 788 452 864 qna
487 760 682 862 postremis
724 756 798 828 illis
842 749 1155 845 acerbissimisque
1192 747 1318 822 diebus

376 887 533 960 multum
563 893 728 953 nostrum
757 895 965 949 sermonem
990 873 1104 945 scrisse
1134 872 1319 943 meminis·

377 1031 467 1083 scm
515 1002 640 1078 Prodit
660 1001 790 1095 igitur,
820 1019 915 1092 quae
938 992 1021 1066 'libi
1043 993 1167 1088 aliqua
1186 995 1320 1067 veteris

378 1125 650 1203 consuetudinis
677 1131 767 1194 nota
795 1115 1025 1204 blandiatur,
1064 1125 1103 1186 ct
1130 1113 1251 1186 Tuam
1278 1115 1319 1186 il·

376 1253 453 1324 lam
474 1248 742 1321 humanitatem
772 1239 842 1312 sihi
862 1249 1033 1334 expetat,
1063 1238 1318 1308 commentatio

377 1374 426 1448 de
446 1372 684 1469 Theopompo
706 1363 816 1438 Chios
837 1361 939 1466 cuius
959 1357 1118 1432 hominis
1140 1356 1187 1429 de
1206 1360 1317 1433 virtu·

378 1496 475 1568 tihus
511 1494 565 1566 ita
601 1489 655 1564 'le
692 1483 859 1558 iudicare
890 1481 1078 1570 intellexi,
1110 1493 1153 1553 ut
1182 1481 1316 1556 consilii

379 1618 454 1690 mei
481 1615 663 1688 rationem
696 1607 884 1706 explicare
917 1625 961 1676 ac
997 1599 1197 1676 delendere
1235 1603 1313 1676 nihil

380 1761 473 1837 opus
492 1760 574 1810 esse
595 1731 777 1812 videamr.
823 1725 919 1800 Illud
932 1747 1079 1813 vereor,
1099 1747 1148 1796 ne
1171 1725 1207 1802 ei
1222 1747 1310 1798 oaus-

379 1883 457 1950 sae,
480 1859 583 1932 cilius
602 1853 746 1952 suscepi
767 1849 1021 1950 patrocinium,
1048 1869 1126 1920 non
1150 1844 1305 1918 idoneam

379 1983 443 2059 vel
474 1977 775 2054 exercitationem
815 1970 878 2045 vel
907 1969 1122 2042 facultatem
1160 1967 1299 2040 attulisse

379 2103 520 2180 videar.
555 2097 653 2176 Nam
666 2119 733 2192 ego
749 2115 851 2182 sane,
873 2090 1021 2164 tametsi
1035 2075 1117 2178 scis,
1140 2112 1232 2188 quae
1250 2107 1304 2180 ego

380 2225 523 2302 dehoc
553 2244 685 2319 genere
712 2219 918 2290 htterarum
950 2207 1111 2308 quotidie
1139 2230 1312 2282 commeo-

380 2350 452 2424 tari
474 2347 626 2431 soleam,
654 2351 781 2414 tamen
800 2336 867 2407 illa
893 2332 1073 2406 meliusne
1101 2333 1137 2403 in
1155 2353 1236 2402 mea
1255 2351 1314 2402 so-

380 2467 535 2544 litudine
563 2462 864 2546 delitescentes
895 2455 936 2526 iu
962 2453 1080 2526 lucem
1101 2451 1317 2538 emittantur,

380 2589 618 2668 vehementer
649 2604 760 2680 saepe
797 2575 935 2652 dubito.
994 2571 1223 2672 Quamquam
1251 2593 1321 2668 qua
1384 2625 1385 2662 ,

380 2714 436 2789 'l'u
459 2712 602 2786 ratione
634 2704 703 2778 hoc
723 2723 849 2776 meum
878 2697 1138 2772 munusculum
1161 2705 1323 2792 aceeptu-
1384 2781 1385 2800 χ

354 2857 444 2912 *nu
475 2834 544 2922 sis,
579 2827 703 2903 minus
730 2843 863 2918 angor:
903 2829 1064 2890 ceterum
1097 2841 1157 2892 res
1184 2819 1324 2911 integra
1384 2803 1385 2848 ¹

382 2968 450 3050 est,
470 2977 539 3029 nec
560 2948 745 3051 profecte,
773 2945 806 3019 si
837 2941 929 3014 haec
955 2939 1049 3013 nihil
1071 2939 1191 3013 bonae
1214 2940 1323 3034 frugis

380 3079 567 3156 continere
595 3067 833 3154 videbuntur,
869 3072 990 3135 cetera
1020 3059 1155 3134 curabo
1179 3058 1320 3135 domine

382 3227 432 3278 on
454 3199 542 3275 foris
571 3198 735 3294 pereant.
788 3186 847 3261 'l'u
873 3208 963 3261 vero
995 3206 1070 3267 me,
1087 3181 1170 3256 Tibi
1198 3183 1323 3280 gratie

382 3324 467 3402 simi
503 3317 619 3393 animi
652 3331 763 3388 sensu
795 3308 1005 3384 devinctum
1043 3305 1330 3404 obstrictumque
1384 3369 1385 3404 ζ

371 3448 496 3524 ‘velim
520 3437 722 3525 existimes,
740 3453 883 3530 meque,
901 3441 944 3504 ut
965 3429 1068 3518 facis,
1092 3451 1206 3502 ames.

464 3617 566 3692 Serib.
586 3613 721 3692 Gelani,
746 3629 856 3676 mense
876 3606 1008 3674 Octobri
1026 3605 1321 3678 omcccxxvh
1384 3579 1385 3582 Ἴ

612 3949 614 3952 .
641 3922 1065 3958 *m
