2838 4808
688 313 943 419 '-32³·-

368 481 477 558 detur,
516 499 596 569 quac
627 479 813 546 Alexandro
849 479 1020 548 Macedoni
1058 484 1356 551 adversabantur.

370 576 480 664 Itaque
501 591 533 642 et
552 578 774 656 Aristotelem,
799 579 892 644 hrrius
913 595 1168 668 praeceptorem,
1205 587 1357 646 notavit

369 678 615 760 epigrammate,
636 678 724 740 cuiue
743 689 865 762 partem
885 675 1049 764 Diogenes
1070 680 1185 743 Laert.
1216 678 1274 758 V,
1298 681 1352 743 tt.

369 785 489 856 partem
509 771 693 838 Plutarcho·
711 772 751 836 de
770 772 884 838 exsilio
913 772 1007 839 Tom.
1024 773 1068 838 X.
1085 800 1123 861 p.
1138 775 1231 846 376.
1245 777 1351 842 Hutt.

367 872 521 948 servavit,
541 872 700 956 integrum
718 868 849 935 exhibet
867 870 985 936 Eueeh.
1003 872 1040 937 P.
1061 895 1083 935 ε.
1101 871 1187 953 XV,
1214 876 1253 938 1.

446 995 582 1088 Ἑρμείου
598 997 736 1086 εὐνούχου
754 997 797 1063 id'
811 999 975 1088 Εὐβούλου
992 1003 1054 1087 ἅμα
1073 1001 1194 1070 δούλου
1241 1065 1245 1072 .

496 1099 608 1182 ’Σῆμα
629 1097 716 1162 κενόν
735 1094 886 1185 κενόφρων
905 1101 1002 1176 τεῦξεν
1021 1097 1261 1186 ’Ammoni-pe,

445 1191 500 1270 Ὃς
520 1193 570 1258 διὰ
588 1194 642 1276 τὴν
654 1193 775 1279 ’ἀκρατῆ
792 1195 923 1281 γαστρὸς
942 1194 1027 1279 φύσιν
1044 1196 1136 1263 εἵλετο
1156 1202 1274 1264 ναίειν

515 1289 601 1356 Ἀπ’
619 1290 814 1376 Ἀκαδημείας
837 1291 1001 1382 Βορβόρου
1025 1295 1057 1358 ἔν
1075 1304 1246 1380 προχοαῖς.

369 1427 413 1492 Et
425 1427 659 1496 Anaximenen
677 1428 947 1513 Lampsacenum,
967 1449 1011 1492 ex
1031 1430 1143 1502 eadem
1163 1427 1331 1496 Isocratis

365 1525 460 1590 domo
493 1526 685 1612 profectum,
721 1524 917 1611 eundemque
946 1524 1124 1592 Alexandri
1156 1523 1329 1604 comitem,

260 1694 261 1699 ἵ
364 1622 538 1686 insectatus
557 1634 614 1686 est.
656 1619 812 1684 Stobaeuo
834 1620 934 1686 Sena.
948 1619 1108 1686 XXXVI.
1129 1647 1161 1709 p.
1174 1622 1257 1702 217,
1270 1619 1321 1686 lt.

367 1716 466 1782 (ἔστιν.
510 1715 668 1801 Θεόκριτος
686 1713 884 1800 ἈναξιμΘους
909 1715 1003 1798 λέγειν
1021 1715 1191 1808 μείλοντος,
1217 1719 1319 1804 ’Ἀρχε-

365 1835 433 1893 ται,
466 1810 540 1892 εἷπε,
572 1811 680 1888 λέξεσιν
704 1808 757 1894 μὲν
794 1812 946 1895 ποταμὸς,
981 1820 1038 1887 νοῦ
1065 1811 1098 1878 δὲ
1131 1813 1309 1898 σταλαγμόν.

364 1909 482 1976 Athen.
503 1912 587 1999 Epit.
608 1911 648 1974 L.
670 1909 695 1974 I.
715 1932 747 1995 p.
760 1910 849 1974 21.c.
884 1909 1056 1994 Ἕρμιππος
1076 1909 1111 1974 δέ
1128 1935 1218 1994 φησι,
1237 1909 1303 1978 Θεό-

364 2028 465 2087 κριτον
485 2006 538 2069 τὸν
558 2011 641 2070 Χῖον
665 2004 706 2079 ὠς
718 2003 914 2072 ἀπαίδευτον
931 2007 1102 2090 μέμφεσθαι
1127 2007 1183 2090 τὴν
1200 2007 1301 2082 Ἀναξι-

361 2103 469 2186 μένους
488 2099 653 2190 περιβολήν.
693 2103 736 2168 Et
750 2103 812 2172 fuit
831 2108 958 2170 omnino
978 2105 1073 2174 dicax
1093 2104 1189 2170 homo
1207 2120 1241 2168 et
1259 2107 1308 2168 iu·

363 2204 540 2287 genioaut.
571 2201 660 2266 Stoh.
686 2200 787 2264 Serm.
801 2197 961 2272 CXXIII.
987 2225 1020 2288 p.
1042 2199 1114 2280 617,
1133 2198 1191 2274 la,
1206 2199 1303 2262 Geso.

367 2293 528 2380 Θεόκριτος
555 2297 586 2360 ἐν
619 2294 792 2379 περιδείπνῳ
814 2301 886 2384 ,τοῦ
917 2303 1100 2365 πενθοῦντος
1131 2291 1303 2378 ίαιμᾶρνως

363 2391 538 2468 ἐσθίοντος,
562 2389 670 2477 Θείρῤει
691 2389 830 2475 (tetrante,
855 2387 948 2456 εἶπεν·
973 2392 1009 2456 οὐ
1033 2395 1084 2458 σοί
1102 2387 1176 2476 μόνῳ
1202 2395 1305 2454 ταῦτα

361 2487 485 2566 μέμονεν.
526 2489 614 2554 Idem
634 2490 809 2567 dicterium,
828 2490 885 2553 sed
910 2491 1016 2576 paullo
1039 2495 1233 2558 inuummum
1252 2511 1305 2553 ro·

360 2588 423 2654 fert
442 2575 627 2656 Athenaeus
648 2588 688 2652 L.
710 2583 798 2650 VIII.
818 2611 850 2673 p.
871 2582 944 2652 cll.
963 2587 1000 2652 B.
1041 2589 1213 2666 Gesnerus,
1233 2585 1304 2666 „Io-

234 2713 236 2720 ·
362 2708 437 2763 cuo,
458 2688 520 2761 ait,
539 2696 590 2748 eat
605 2686 640 2747 in
666 2682 881 2768 ambiguitate.
922 2683 1005 2750 Nam
1023 2684 1121 2750 verba
1139 2687 1213 2763 ieta,
1232 2683 1303 2749 Non

362 2783 403 2847 ad
423 2795 455 2846 tc
472 2780 574 2845 solum
593 2779 672 2843 haec
691 2784 869 2866 pertnent,
898 2782 939 2845 ad
967 2785 1145 2846 convivium
1167 2803 1302 2846 commu·

362 2900 422 2955 ne,
447 2891 513 2941 tum
535 2878 575 2941 ad
602 2899 797 2942 communem
823 2881 934 2948 mortis
963 2867 1176 2942 conditionem
1195 2878 1302 2942 relerri

361 2982 521 3062 possunt.”
555 2971 669 3036 Recte:
691 2985 740 3036 est
754 2976 838 3038 enim
857 2977 958 3039 oratio
973 2972 1213 3038 consolantium.
1251 2972 1301 3038 Ci-

360 3096 432 3157 oero
452 3070 549 3136 Tusc.
568 3068 660 3156 Disp.
673 3067 729 3146 ΠΙ,
743 3070 794 3134 33.
832 3070 886 3136 Ne
908 3075 967 3137 illo
987 3071 1110 3156 quddam
1131 3075 1300 3138 cumulato

349 3169 538 3246 firmicec‘mu
552 3161 611 3244 ert,
633 3187 817 3252 quamquam
828 3175 998 3235 ctoritate
1010 3175 1104 3232 estet
1118 3189 1221 3253 coepe
1227 3190 1303 3256 pro·

358 3267 451 3330 dect:
491 3261 878 3332 Nonto‘bidoooolo'.
923 3263 1064 3331 Similem
1092 3285 1135 3328 ex
1154 3265 1303 3354 ambiguo
1393 3277 1394 3282 ’

357 3361 462 3426 lusum
488 3360 628 3423 eiusdem
657 3361 754 3425 relert
779 3360 963 3426 Athenaeus
992 3358 1014 3424 l.
1036 3383 1063 3424 o.
1104 3361 1174 3423 Τοῦ
1195 3359 1229 3423 d’
1252 3358 1304 3424 uri-

358 3443 416 3520 τοῦ
437 3456 595 3540 (Dioclem
617 3456 796 3522 helluonem
822 3458 909 3541 dicit)
940 3455 992 3520 καί
1015 3455 1070 3519 τὸν
1090 3453 1184 3540 ἀγρὸν
1207 3477 1305 3520 κατα-

360 3552 551 3639 βεβρωκότος
571 3553 611 3625 είς
634 3551 829 3635 ὀψοφαγίαν,
857 3550 955 3633 ἐπειδὴ
982 3549 1095 3638 θερμόν
1116 3572 1190 3614 ποτε
1209 3574 1304 3616 κοιτα-

361 3651 526 3736 βροχθίσας
558 3651 645 3732 ἰχθῦν
675 3645 768 3730 ἔφησε
803 3642 871 3711 τόν
906 3645 1072 3729 οὐρανὸν
1101 3653 1304 3712 κατακεκαῦσ-

360 3756 433 3812 θαι·
455 3745 592 3829 Λοιπὸν,
610 3743 732 3827 ἔφησεν,
750 3744 843 3824 ἐστίν,
869 3741 888 3806 ὃ
910 3742 1085 3832 Θεόκριτος,
1103 3744 1154 3812 ool
1180 3743 1233 3810 καί
1252 3743 1304 3826 τὴν

1234 3839 1301 3905 θοί-
