2872 4804
728 263 941 374 ,ιε-ζ,

444 473 618 542 Multorum
626 479 862 546 criminationes
877 481 972 544 etiam
983 476 1189 546 niiudhnbnit
1201 477 1337 548 Theo-

361 576 469 662 pompi
510 596 607 660 opus,
640 569 908 639 ἘΠΙΣΤΟΛΑΙ
932 573 1168 640 'APXAIKAL
1214 577 1340 644 Hunc

362 675 447 736 enim
467 671 591 735 titulum
611 674 703 736 unice
730 692 840 737 verum
867 675 1027 738 existimo.
1067 671 1151 738 Nam
1165 676 1256 760 qood
1279 679 1334 742 in
1383 677 1390 734 ἒ

363 767 549 856 quibusdam
568 767 654 834 libris
668 767 817 851 Dionysii
837 783 896 848 est,
914 767 1052 852 Ἀχαϊκαί,
1071 771 1230 857 quomodo
1249 774 1334 851 „ad

361 865 501 930 famosos
519 862 642 930 libellos
664 864 704 930 ab
724 868 925 930 Anaximene
951 865 1011 930 sub
1032 864 1235 955 Theopompi
1254 891 1328 934 no-

361 965 446 1028 mine
465 959 641 1046 divulgatos
672 960 755 1026 trahi
780 965 908 1046 possit,”
937 976 973 1028 ut
989 963 1177 1050 Sylburgius
1200 968 1326 1053 opina-

361 1057 472 1137 batur,
483 1079 548 1124 non
564 1056 719 1142 intelligo.
768 1056 838 1124 Neo
857 1062 960 1145 magis
980 1059 1144 1146 probanda
1161 1074 1212 1126 est
1232 1062 1346 1128 ιιΙιιι-1

360 1159 427 1220 rius
448 1155 530 1220 tituli
551 1152 592 1219 ab
613 1153 724 1219 eodem
744 1158 907 1242 proposita
925 1157 1105 1244 explicatio,
1133 1171 1169 1222 nt
1188 1157 1331 1224 meoso-

360 1252 411 1316 λαὶ
433 1249 574 1337 ἅρχαϊκαὶ
599 1254 662 1316 sint
694 1255 844 1338 „antiquo
873 1254 946 1322 stiIo
972 1257 1134 1339 scriptae.”
1181 1253 1322 1324 Vellem
1429 1263 1430 1308 t

360 1353 452 1427 scire,
473 1350 548 1436 quid
574 1350 715 1415 sordium
743 1371 789 1414 ex
815 1353 946 1437 antiqno
971 1371 1059 1416 more
1081 1348 1318 1442 Theopompus

361 1448 538 1524 corroserit,
564 1458 599 1509 nt
619 1445 680 1510 hae
699 1445 851 1532 epistolae
877 1449 953 1512 inde
978 1466 1094 1512 nomen
1118 1453 1326 1538 aeniperent..

361 1541 558 1631 Quamquam
580 1540 826 1610 Valckenarium
847 1545 941 1612 video
964 1547 999 1608 in
1019 1545 1131 1610 eadem
1151 1553 1320 1614 sententia

359 1643 470 1722 fuisse,
488 1643 542 1726 qui
559 1639 747 1706 emendabat
765 1641 848 1728 apud
869 1641 1070 1724 Dionysium,
1098 1639 1257 1716 ἐπιστολάς
1278 1663 1323 1710 τε

359 1737 414 1814 τὰς
435 1735 604 1820 ἀρχαϊκῶς
621 1739 820 1818 γραφομένας,
838 1738 992 1824 probante
1013 1736 1206 1805 Ruhnkenio
1222 1742 1313 1808 Hist.
1430 1745 1431 1816 Ῐ

361 1837 438 1901 Crit.
458 1859 497 1922 p..
513 1834 583 1898 163.
624 1830 689 1910 Qui
710 1834 795 1920 quod
815 1835 1041 1904 emendandam
1060 1833 1208 1919 Dionysii
1227 1841 1309 1902 seri·
1429 1847 1431 1922 i

358 1945 483 2020 pturam
506 1931 638 2008 censuit,
656 1933 826 1996 assentior:
847 1932 1099 1997 emendationem
1117 1931 1212 2021 probo
1230 1933 1303 2016 Syi-
1341 1973 1345 1982 ‚

359 2028 480 2114 burgii:
515 2024 658 2110 ἀρχαϊκὰς
693 2026 951 2111 ἐπιγραφομένας.
1002 2027 1091 2094 Idem
1119 2028 1301 2115 Sylburgius

359 2125 454 2192 aliam
484 2145 607 2212 quoque
633 2124 845 2210 Epistularum
879 2124 1029 2210 ἅρχαϊκιῦν
1062 2127 1312 2214 explicationem·

358 2227 539 2312 proposuit:
572 2221 612 2286 de
635 2227 744 2304 prisce·
766 2226 891 2290 saecuta·
915 2221 1096 2302 virtutem,
1125 2247 1228 2309 quam·
1245 2226 1314 2288 etsi

360 2322 399 2384 de
422 2319 590 2384 virtutibus
611 2319 689 2382 nihil
706 2322 740 2382 in
762 2319 957 2405 fragmentis,
987 2319 1083 2386 multa
1103 2321 1141 2384 de
1162 2341 1310 2406 quorun·
1431 2315 1432 2324 ¹

360 2417 432 2478 dam
450 2415 612 2479 hominum
629 2416 714 2477 vitiis
738 2420 876 2504 reperio,
904 2418 977 2482 dum
996 2417 1105 2483 melius
1126 2417 1209 2505 quid·
1225 2418 1308 2484 affe·

358 2526 456 2590 ratur,
478 2511 658 2597 amplector.
700 2508 861 2595 Ἐπιστολὴ
885 2513 962 2597 πρὸς
979 2511 1177 2598 Ἀλεξανδρον
1194 2514 1308 2582 lauda·

359 2625 409 2676 tur
430 2609 469 2674 ab
489 2608 606 2674 Athen.
628 2605 717 2672 XIII.
736 2632 768 2695 p.
783 2610 853 2674 595.
863 2610 904 2674 A.
927 2636 1007 2698 quae
1027 2611 1220 2677 Ruirnkenio
1240 2633 1307 2679 non
1432 2603 1433 2680 i

359 2709 484 2772 diversa
518 2703 684 2768 videbatur
717 2727 737 2769 a
771 2704 965 2789 Συμβουλαῖς
994 2706 1071 2791 πρὸς
1096 2705 1306 2796 Ἀλέξανδρον,

358 2803 474 2869 Athen.
502 2799 560 2868 vl.
595 2823 626 2886 p.
652 2802 723 2866 230.
744 2801 782 2867 F.
836 2801 947 2891 Neque
979 2806 1231 2889 Συμβουλευτικὸς
1266 2810 1307 2876 ad

357 2900 593 2976 Alexandrum,
635 2919 726 2985 quem
768 2913 991 2964 commemorat
1020 2901 1133 2969 Cicero
1165 2905 1208 2969 ad
1239 2907 1305 2971 Att.

357 2995 433 3073 XII,
454 2993 505 3060 40.
526 2994 566 3060 ab
587 2993 638 3058 his
669 2997 874 3082 separandus·
887 2998 1019 3063 videtur.
1058 3000 1244 3067 Athenaeus
1262 3005 1302 3067 Ι..

357 3093 448 3160 XIII.
466 3118 497 3180 p.
517 3091 588 3156 586.
611 3091 648 3155 C.
677 3089 784 3156 laudat
812 3091 1053 3183 Theopompum
1081 3097 1112 3160 ἒν
1142 3105 1209 3172 τοῖς
1236 3093 1302 3180 περὶ

357 3197 409 3275 τῆς
429 3193 513 3257 Χίας
533 3186 719 3270 Ἐπιστολῆς,
746 3189 829 3276 quod
855 3191 941 3259 hand
970 3195 1037 3258 seio
1064 3216 1106 3258 an
1124 3191 1229 3262 lenius
1250 3194 1305 3260 alii

358 3290 576 3366 correxerint,
616 3289 722 3354 verius
758 3289 883 3376 quidem
914 3289 993 3356 nihil
1025 3293 1172 3358 existimo
1211 3315 1305 3381 quam

1219 3387 1309 3478 quod

357 3721 384 3777 p.
405 3701 468 3759 17³.
484 3701 593 3758 Febris.
604 3683 647 3758 vad
660 3701 742 3756 Dion.
762 3704 838 3756 caea.
858 3701 892 3753 T.
902 3700 923 3754 1.
941 3715 968 3772 p.
978 3701 1042 3762 146.
1058 3659 1195 3776 xutkont.
1213 3703 1307 3777 praef·

358 3787 395 3842 ad
411 3786 444 3860 I..
462 3787 530 3858 Ana.
545 3784 641 3842 Senes.
659 3783 721 3856 Voi.
739 3783 787 3856 ly.
809 3799 837 3854 p.
851 3781 955 3856 XXIII.
985 3825 990 3832 .
