2838 4808
743 369 950 426 ...22-

378 557 418 600 ne
441 534 528 598 illum
555 533 790 620 philosophiae,
826 531 1006 597 Platonicae
1040 529 1184 616 quidem,
1221 532 1366 594 admo-

378 635 453 701 dum
473 631 590 700 favisse
608 634 820 718 suspicemur,
842 632 917 693 lacit
935 626 1076 706 libellus,
1098 650 1191 714 quem
1215 642 1363 716 postea

378 743 488 796 eontra
511 726 692 804 Platonem,
720 729 905 791 acerrimum
929 725 1090 789 rhetorum
1116 728 1267 811 eiusque
1305 729 1362 788 vi-

377 833 428 890 tae
446 825 598 901 instituti,
628 824 712 910 quod
730 836 854 910 praeter
881 837 1002 886 eeteros
1025 819 1272 908 Theopompus
1300 845 1359 885 se-

379 916 493 1008 quutus
514 936 580 998 est,
608 922 837 997 adversarium,
863 919 970 983 edidit.
1017 915 1118 995 Quidl
1144 919 1236 1004 quod
1277 918 1358 982 bel·

377 1017 443 1083 lum
460 1039 562 1104 paene
582 1015 822 1083 Isocratioorum
842 1016 961 1080 larnilia
986 1015 1032 1080 illi
1051 1013 1277 1101 sophistarum
1304 1017 1356 1078 ir·

377 1115 471 1179 risori
487 1115 642 1178 indixisse
668 1113 822 1178 videatur.
870 1111 953 1182 Nam
977 1109 1209 1198 Cephisodotus
1252 1133 1357 1198 quo-

379 1233 460 1297 que,
487 1211 658 1297 disoipulus
682 1225 715 1276 et
740 1215 810 1297 ipse
836 1208 1001 1286 lsoorntis,
1030 1222 1139 1272 eontra
1159 1207 1351 1272 Platonem

379 1309 519 1394 scripsit,
538 1307 565 1390 ¹)
591 1309 738 1396 idemque
763 1305 966 1378 Aristotelem
987 1318 1132 1397 quattuor
1158 1302 1258 1368 libris
1281 1307 1350 1368 im·

379 1405 541 1492 pugnavit.
560 1405 592 1483 ²)
676 1421 679 1428 ⁴

461 1499 601 1564 Primum
620 1499 819 1586 eloquentiae
846 1503 1005 1588 specimen
1027 1496 1266 1584 Theopompus
1287 1498 1343 1561 de-

382 1596 467 1660 disse
493 1597 617 1666 ridetur
648 1599 682 1664 iu
709 1596 792 1661 ludis
823 1595 1025 1673 funebribuS,
1054 1593 1212 1672 Mausoli,
1245 1599 1337 1682 regis

382 1689 513 1769 Cariae,
544 1689 659 1756 honori
687 1691 727 1757 ah
752 1696 822 1756 eius
847 1713 956 1757 sorore
986 1692 1158 1778 eademque
1191 1697 1334 1778 coniuge

381 1787 553 1852 Artemisia
577 1791 738 1853 institutis.
785 1787 888 1855 Nemo
916 1793 1017 1853 nescit
1042 1787 1216 1852 masculam
1247 1789 1326 1853 illam

382 1885 550 1962 feminam,
570 1885 744 1969 Lygdamis
763 1884 879 1962 filiam,
907 1907 987 1971 quae
1009 1907 1103 1972 quum
1123 1883 1318 1950 Halicarna-
1385 1902 1386 1920 ¹

382 1983 538 2059 sensium,
567 1979 722 2059 Coornm,
750 1980 948 2066 Nisyriorum
973 1995 1005 2046 et
1026 1981 1257 2064 Calydniorum
1271 1985 1314 2046 int·
1383 1997 1385 2016 l

382 2081 505 2165 perium
531 2099 550 2142 a
576 2083 688 2144 marito
717 2093 880 2166 acceptum
900 2079 1106 2156 obtinuisset,
1138 2099 1179 2142 ne
1198 2077 1326 2142 bellicos

384 2176 509 2262 quidem
526 2175 676 2241 tumultus
699 2179 876 2260 pertimuit,
897 2173 1085 2261 Xerxique,
1112 2197 1201 2263 quom
1222 2174 1325 2236 Grae·

385 2273 454 2332 oiae
482 2269 598 2334 bellum
617 2272 763 2347 inferret,
786 2272 916 2335 multum
941 2283 972 2334 et
998 2271 1164 2357 prudentia
1181 2281 1211 2333 et
1229 2269 1324 2332 lorti-

384 2364 492 2427 tudine
511 2365 637 2453 profuit.
653 2365 682 2447 Ξ)
729 2367 834 2435 Huius
854 2371 888 2432 in
909 2373 1023 2431 nomen
1045 2389 1236 2454 regnumque
1253 2386 1325 2431 sae·

385 2459 457 2526 oulo
478 2463 544 2526 fere
565 2476 638 2548 post
656 2467 807 2528 suecessit
823 2463 896 2542 illa,
924 2464 963 2526 de
992 2487 1054 2551 qna
1083 2485 1141 2528 nos
1162 2463 1325 2550 loquimur,

385 2555 453 2623 filia
471 2558 677 2639 Hecatomni,
697 2565 749 2648 qui
769 2566 863 2648 quum
880 2559 1013 2642 Mylasis
1032 2562 1167 2645 primum
1188 2562 1324 2624 domina·

384 2669 482 2734 retur,
495 2657 526 2740 ⁴)
552 2671 727 2743 temporum
754 2658 812 2723 suh
841 2657 1024 2727 Artaxerxe
1043 2656 1216 2722 Mnemone
1243 2657 1324 2722 calli·

387 2753 462 2829 dus,
496 2754 564 2817 fere
590 2756 756 2818 universae
787 2755 901 2818 Cariae
930 2755 1096 2838 imperimn
1126 2765 1243 2818 'neotus
1272 2766 1324 2829 est,

360 2869 446 2930 vneo
473 2863 577 2914 tamen
604 2849 656 2913 vel
682 2853 784 2936 gratia
809 2851 906 2935 Regis
935 2851 984 2913 vel
1016 2853 1110 2915 minis
1139 2863 1172 2914 et
1196 2853 1323 2937 irnperio

385 2949 506 3017 moveri
525 2949 643 3042 potuit,
663 2961 697 3016 nt
714 2948 908 3031 Ενιςοιιιηι,
925 2947 966 3012 ob
988 2948 1197 3017 defectionem
1212 2969 1324 3033 magna

406 3147 871 3165 mem—mm
1200 3148 1317 3159 -n-——nu

457 3270 483 3334 ι)
502 3271 618 3340 Dionys.
635 3271 697 3329 Vol.
716 3269 760 3322 Vl.
780 3286 806 3338 p.
824 3271 888 3329 75⁷,

362 3405 363 3409 ¹
455 3382 804 3452 2)athen.11.p.oo.1).
837 3384 971 3440 Themist.
994 3381 1311 3454 oretxx111.p.285.
1380 3389 1383 3432 l

455 3495 481 3562 ³)
498 3499 631 3554 Herodot.
648 3497 708 3560 vn,
724 3499 769 3552 99.
786 3493 974 3560 v111‚st.88.
996 3493 1157 3549 lor-loa.
1194 3497 1325 3566 Harpoor.

389 3586 417 3637 et
436 3581 511 3634 Suid.
529 3599 552 3632 s.
569 3597 594 3631 v.
630 3579 718 3634 Huius
737 3579 898 3634 Artemisiae
921 3583 1049 3644 nepotem
1067 3578 1223 3651 Lygdamus
1240 3580 1324 3632 llere.

389 3661 470 3718 dotus
485 3676 573 3730 regno
592 3660 717 3735 privavit
754 3660 829 3716 Suid.
843 3674 870 3716 s.
889 3674 914 3709 v.
926 3653 1088 3729 Ἡρόδοτος.
1202 3727 1205 3734 .

456 3775 483 3834 4)
504 3773 595 3827 sora
611 3773 683 3828 xxv.
703 3789 729 3842 p.
746 3773 812 3828 noa
