2872 4804
550 193 567 238 t

557 321 768 393 ..49-

86 487 217 576 quod
242 486 490 556 casaubonus
505 492 655 574 coniecit,
673 493 785 573 ἐντατς
804 495 977 582 >incidie
992 502 1134 576 ‘Emm
1210 528 1212 538 ’

87 583 206 653 bais.
284 585 387 656 Nam
411 589 572 656 diversam
600 612 666 662 nou
692 616 764 661 esse
789 594 873 664 hano
900 601 1065 686 epistolam
1089 609 1131 676 ab

84 706 160 762 ea,
194 706 332 772 quae
351 683 397 748 ad
414 684 644 754 Alexandrum
662 691 861 773 inscribitur,
879 718 933 760 res
952 701 1027 766 inde
1046 705 1129 774 rela-

84 794 167 846 tae
216 781 402 847 suadent.
463 781 518 848 Ad
546 786 681 854 eandem
712 793 859 876 respexit
892 792 1010 864 Suides
1042 823 1068 867 s.
1095 827 1126 872 v.

76 877 291 964 Ἔφορος
319 881 361 946 de
386 879 599 970 Theopompo
618 881 779 950 scribens:
803 885 959 954 ἔπέστιλλέ
974 917 1007 960 τε
1026 899 1128 970 πολλὰ

89 973 210 1038 κατὰ
238 977 360 1038 Χίων
384 973 580 1060 Ἀλεξάνδρῳ.
599 1014 643 1030 -
679 981 851 1050 Praeterea
879 985 994 1058 multas
1017 993 1126 1068 Theo.

88 1094 295 1160 pompus
324 1073 577 1141 ORATIONES
597 1079 733 1164 scripsit,
752 1082 913 1148 suasorias
935 1098 967 1148 et
983 1112 1125 1182 panegy-
1166 1149 1174 1156 .

92 1173 242 1234 ricass
296 1191 382 1236 nam
404 1172 459 1240 diu
481 1183 595 1240 orator
610 1177 697 1254 ficit,
724 1189 806 1243 teste
829 1175 1026 1255 Quintiliano
1045 1189 1123 1258 Inst.

92 1266 231 1330 Orat.
261 1265 328 1346 X,
353 1269 382 1346 1,
398 1265 448 1339 tt.
482 1269 533 1335 Ac
553 1284 702 1358 quantam
730 1275 766 1338 in
787 1297 827 1340 eo
851 1299 971 1362 genere
993 1305 1122 1372 operam

98 1361 396 1450 Theopompus
422 1364 642 1447 collocaverit,
673 1371 774 1456 ipsius
801 1373 908 1442 verbis
939 1400 1034 1466 supra
1060 1408 1121 1452 ex·

99 1464 337 1544 posuimus.
387 1461 462 1528 Huc
487 1467 625 1549 pertinet
644 1464 716 1545 illa,
743 1489 836 1564 quem
862 1487 1120 1550 conunemoravi·

108 1578 223 1635 mus,
257 1556 423 1623 funebris
441 1558 582 1626 laudatio
602 1561 753 1628 Mausoli.
795 1562 848 1630 De
866 1575 1018 1637 encomiis
1040 1601 1119 1664 quo.

112 1675 186 1738 que
220 1654 391 1746 Philippi
425 1669 459 1720 et
484 1657 663 1722 Alexandri
695 1679 792 1746 supra
818 1661 973 1734 diximus:
1008 1668 1116 1742 Theo·

121 1753 180 1813 nis
201 1751 311 1816 locis
343 1753 509 1819 addendus
535 1767 585 1820 est
610 1754 726 1822 sudas
752 1779 780 1822 s.
807 1779 837 1822 v.
873 1760 1030 1847 Ἔφορος·
1059 1774 1116 1836 καὶ

113 1846 237 1924 μέντοι
277 1847 341 1912 καὶ
367 1846 464 1912 αὐτὸν
487 1847 680 1936 Ἀλεξανδροι
696 1851 884 1938 sysemerae
902 1859 1010 1928 πολλά.
1048 1867 1116 1934 Λέ-

118 1964 219 2016 γεται
248 1943 292 2007 δὲ
321 1943 376 2008 sci
397 1942 530 2028 ψόγοι
560 1943 688 2012 αὐτοῦ
705 1953 892 2036 γεγραφέναι,
916 1955 950 2032 ὃς
970 1960 1007 2027 οὐ
1026 1966 1114 2052 φέρε.

122 2059 201 2099 ται.
222 2071 279 2090 -·-
319 2041 452 2109 Claudat
472 2065 588 2130 agmen
606 2044 707 2112 Liber
723 2051 858 2112 ΚΑΤΑ
881 2059 977 2118 ΤΗΣ
994 2063 1114 2134 ΠΛΑ-
1169 2073 1171 2080 “

136 2135 258 2198 ΤΩΝ
257 2137 324 2198 ΟΣ
340 2139 600 2220 ΛΙΑΤΡΙΒΗΣ,
629 2165 724 2229 quern
743 2167 799 2210 cur
818 2149 983 2234 scripsisse
1000 2159 1111 2226 videa-

126 2240 205 2310 tur,
247 2236 291 2298 in
324 2240 480 2324 superiori
509 2239 721 2325 disputatione
753 2243 972 2313 indicavimus.
1025 2249 1110 2324 Nam

124 2325 191 2390 ille
217 2331 334 2398 solum
360 2356 405 2398 ex
432 2334 579 2402 omnibus
607 2334 777 2404 Socraticis
798 2339 1021 2416 Antisthenem
1039 2351 1109 2421 lau·

125 2422 255 2502 davit,
276 2427 379 2514 Diog.
392 2432 501 2495 Laert.
510 2429 555 2510 V,
570 2426 620 2496 ll.
641 2445 673 2496 et
681 2433 846 2503 Platonem
867 2443 993 2525 quidem
1013 2453 1109 2518 etiam

127 2538 153 2580 a
175 2519 343 2611 Philippo
371 2526 595 2612 reprehensum
623 2549 694 2593 esse
718 2532 833 2596 retulit.
877 2536 975 2622 Diog.
996 2542 1107 2613 Luert.

123 2612 194 2694 ΠΙ,
219 2615 282 2682 40.
309 2624 347 2687 of.
370 2621 491 2706 Caryst.
507 2625 654 2708 Pergam.
675 2625 791 2691 Athen.
811 2627 871 2695 XI.
892 2656 924 2720 p.
946 2635 1017 2702 506.
1029 2639 1084 2704 Ε.-

224 2713 345 2786 Verho
375 2724 518 2808 tetigisse
548 2719 687 2786 sufficiet
713 2727 885 2807 incertam,
918 2753 1028 2801 verum
1056 2729 1104 2808 la-

125 2827 212 2876 men
241 2822 411 2907 antiquam
442 2818 574 2897 ianam,
608 2841 670 2907 qun
701 2819 927 2912 Theopompus
957 2845 1103 2905 ceterum
1148 2850 1151 2857 '

129 2902 378 2992 Thucydideae
406 2916 558 2982 historiae
584 2916 698 2984 librum
726 2917 901 2988 absolvisse
927 2924 1103 3000 ferebatur:

132 3005 193 3068 cui
221 3010 288 3072 sic'
304 3013 495 3084 contradixit
513 3011 721 3078 Marcellinus
741 3013 808 3082 vit.
830 3016 975 3103 Thucyd.
998 3029 1026 3105 ς.
1048 3025 1100 3095 43.

137 3109 177 3158 nt
198 3118 280 3184 post
306 3107 396 3174 illum
414 3111 468 3195 qui
492 3110 531 3175 dc
551 3123 679 3176 auctore
701 3116 770 3178 eius
787 3113 861 3182 libri
880 3116 1018 3203 dubitet,
1043 3145 1101 3191 ne·

138 3210 197 3256 mo
220 3197 319 3267 facile
337 3209 398 3269 τῶν
416 3207 614 3288 χαριεστέρων
632 3212 818 3295 reperiatur.

229 3294 367 3366 Librum
378 3301 445 3387 arpi
456 3301 600 3388 εὐσεβείας
613 3328 633 3369 ιι
643 3305 750 3370 Schol.
759 3304 920 3394 Aristoph.
931 3311 994 3382 Αν.
1007 3311 1097 3385 1360.

2 3396 4 3445 ι
128 3383 196 3451 sub
215 3388 423 3483 Theopompi
439 3405 568 3466 nomine
584 3402 762 3479 laudatum,
792 3401 1006 3493 Theophrasti
1025 3435 1097 3482 esse

4 3528 6 3545 .
130 3484 216 3550 vidit
233 3488 468 3575 Runnnerms,
499 3497 570 3562 coll.
591 3495 689 3582 Diog.
709 3499 817 3564 Laert.
839 3499 882 3579 V,
903 3507 976 3569 5οὓ
988 3506 1097 3576 Meur-

129 3579 216 3647 sium
240 3593 340 3656 etiam
361 3592 473 3658 Solon.
504 3617 572 3680 cap.
595 3589 646 3658 24.
667 3595 708 3676 (c.
729 3595 823 3660 2045.
844 3596 881 3662 Β.
909 3603 992 3686 apud
1014 3603 1095 3672 Gno-

1 3675 8 3806 “
132 3681 280 3769 noviom)
314 3689 405 3754 nulla
426 3696 609 3779 suspicione
629 3705 747 3758 tectum
767 3693 886 3756 videas.

220 3776 300 3878 Hoc¹
313 3786 452 3877 denique
467 3787 539 3854 loco
552 3787 708 3876 epponem
721 3788 983 3948 verhsDCreuzeri
995 3799 1093 3878 praef.
