2872 4804
674 379 972 483 feo...

341 546 383 610 ad
403 542 524 610 Marxii
540 545 702 634 Ephorum
721 571 753 634 p.
771 545 862 614 XIII.
904 547 962 628 „In
986 550 1141 640 catalogo
1161 561 1322 643 patriar-

340 642 441 708 chalis
475 637 711 730 Bibliothecae,
741 667 830 734 quae
865 647 993 713 saeculo
1028 650 1132 716 adhue
1170 655 1321 723 decimo

342 753 437 805 sexto
457 739 735 829 Constantinopoli
755 744 855 808 fuisse
878 743 985 820 lentur,
1015 748 1064 827 (in
1083 746 1197 829 Alteri,
1216 752 1318 818 Pro-

340 838 473 902 fessorie
494 859 595 924 nuper
618 834 894 918 vindobonensia,
921 856 1074 930 excerpto
1098 847 1181 930 apud
1209 847 1314 914 Har-

341 933 399 1000 les.
420 933 529 1021 Suppl.
548 935 587 1000 ed
607 934 726 1000 Introd.
752 938 786 1000 in
806 935 879 1001 hist.
899 937 940 1002 L.
961 938 1039 1022 Gr.)
1067 942 1166 1026 igitur
1193 967 1236 1010 eo
1264 951 1309 1012 in

342 1031 499 1118 Catelogo
521 1046 554 1097 et
572 1033 635 1098 alia
653 1033 817 1117 leguntur,
848 1055 929 1120 quea
948 1038 1147 1104 mirationem
1166 1040 1306 1120 leniant,

344 1143 377 1194 et
402 1151 479 1195 vero
508 1129 586 1194 illud
608 1147 751 1217 quoque:
781 1127 932 1214 ἱστορικὸν
954 1127 1097 1218 Ἐφόρου
1126 1141 1184 1199 τοῦ
1206 1145 1303 1218 (ptho-

344 1225 454 1308 σόφου.
512 1223 574 1291 Coi
606 1230 756 1291 confinuo
798 1225 978 1294 subiicitur:
1023 1229 1179 1314 ἱστορικὸν
1218 1235 1300 1299 Θεο-

342 1322 500 1407 πόμπου.”
537 1323 663 1389 Vellem
684 1345 762 1388 sane
780 1325 934 1389 eiusmodi
962 1322 1109 1408 κειμήλιον
1126 1331 1299 1418 effugisset

341 1441 455 1487 manns
474 1416 705 1499 barbarornm‚'
725 1442 857 1508 quorum
879 1425 1032 1488 saevitiae
1062 1425 1147 1492 iusto
1177 1427 1300 1496 diutius
1353 1437 1357 1440 ’

343 1517 480 1584 Graecia
501 1518 719 1582 obnoxiaest.
770 1517 892 1584 Verum
916 1522 1050 1586 istorum
1077 1521 1219 1590 furiosae
1242 1549 1300 1593 oa-

271 1672 282 1682 ,
343 1629 451 1682 torvae
478 1636 538 1681 nec
566 1615 666 1694 vivis,
694 1628 731 1679 ut
755 1613 817 1680 hoo
842 1616 914 1702 ipso
935 1628 1095 1703 tempore,
1124 1643 1184 1686 nee
1210 1647 1302 1690 mor.

342 1717 406 1778 tuis
430 1723 648 1800 pepercerunt.
696 1709 791 1776 Certe
824 1735 885 1798 ego
919 1712 1013 1798 plane
1039 1713 1091 1779 his
1127 1725 1301 1800 assentior,

343 1832 424 1906 qnae
442 1808 621 1874 Creuzerus
640 1807 683 1872 ad
708 1807 892 1874 elevandam
917 1808 1012 1874 huius
1031 1809 1177 1900 Catalogi
1194 1814 1299 1882 fidem

342 1907 490 1990 disputat.
530 1905 639 1990 Itaque
659 1905 734 1969 dum
753 1901 918 1987 ὁλόκληρος
938 1905 1031 1970 nobis
1058 1909 1138 1974 forte
1163 1912 1311 1991 fortuna¹

343 1999 384 2066 ab
409 2003 520 2066 inferia
554 2003 711 2066 exstiterit
740 1999 985 2088 Theopompus,
1017 2009 1290 2092 operaepretium

344 2103 405 2165 erit
413 2100 466 2166 vel
477 2101 535 2164 has
554 2100 689 2184 exiguas
706 2102 775 2163 eius
788 2121 917 2186 opernm
935 2100 1085 2187 reliquias
1099 2102 1276 2188 collegisse.

425 2198 475 2263 Ac
495 2199 644 2285 quoniam
664 2194 822 2260 nohIsmet
847 2199 930 2280 ipsis
951 2195 1032 2260 haec
1059 2197 1226 2262 clarissimi
1243 2201 1300 2262 in-

341 2297 430 2381 genii
449 2304 652 2360 monumenta
677 2292 804 2357 fortuna
827 2293 957 2370 invidit,
986 2291 1137 2379 reliquum
1163 2307 1232 2372 est,
1259 2309 1303 2360 ut

342 2391 482 2456 collectis
512 2402 655 2453 veterum
679 2389 886 2464 testimoniis,
914 2391 997 2480 quid
1023 2389 1060 2452 de
1086 2386 1302 2478 Theopompi

341 2487 394 2553 vel
415 2485 582 2552 virtutibus
604 2483 656 2547 vel
676 2485 761 2546 vitiis
783 2485 983 2549 maturandum
1001 2489 1058 2564 sit,
1082 2487 1300 2572 Inquiramus,

341 2599 374 2651 et
396 2586 553 2674 quandam
582 2581 667 2645 illius
688 2581 813 2665 ingenii
841 2579 991 2659 formam,
1025 2587 1053 2647 si
1081 2581 1155 2648 fieri
1180 2589 1298 2670 possit,

340 2698 374 2749 et
389 2685 571 2770 ‘Imaginem
601 2675 832 2740 admubremus
888 2675 937 2741 Ao
963 2682 1099 2763 primum
1123 2681 1298 2748 dicendum

340 2792 404 2858 est,
430 2782 466 2842 in
493 2799 555 2864 qua
581 2773 635 2838 illo
663 2785 766 2836 aetate
796 2793 834 2836 eo
857 2776 1085 2840 consuetudine
1114 2790 1297 2864 temporum

339 2888 483 2940 versatus
503 2873 668 2937 historiam
687 2867 825 2932 seribere
848 2891 1019 2954 aggressus
1037 2875 1094 2936 sit:
1122 2876 1210 2960 quod
1231 2899 1295 2963 ego

337 2971 516 3037 laciendum
537 2967 664 3056 putavi,
692 2978 756 3030 non
782 2985 845 3050 quo
863 2979 919 3030 aut
940 2965 1050 3032 harum
1071 2973 1295 3055 angustiarum

339 3070 572 3143 existimarem,
607 3074 662 3127 aut
688 3065 751 3126 mei
784 3062 908 3126 consilii
936 3075 1038 3141 esset,
1072 3065 1156 3130 hunc
1184 3067 1290 3133 lorum

337 3166 467 3230 uberius
488 3163 655 3252 persequi,
681 3159 737 3222 sed
765 3179 807 3222 ne
838 3162 908 3246 quis
932 3163 1061 3227 ornnino
1087 3168 1291 3248 praetermis-

337 3284 406 3328 sum
424 3274 615 3346 quereretur.
658 3255 802 3319 Historia
826 3257 924 3340 igitur
945 3258 1028 3342 apud
1055 3258 1200 3326 Graecos
1220 3276 1253 3328 et
1272 3287 1293 3328 a
1371 3313 1376 3331 .

335 3357 441 3425 multis
463 3375 642 3441 magnoque
669 3353 799 3438 ingenio
824 3355 901 3416 viris
927 3351 1056 3417 exculta
1082 3369 1149 3435 est,
1180 3374 1215 3423 et
1238 3383 1289 3425 ea·

335 3458 408 3521 dam
435 3467 540 3517 tamen
572 3462 605 3512 et
631 3459 706 3512 neta
733 3449 834 3512 serius
860 3460 893 3528 et
918 3448 1056 3533 perfecta
1084 3466 1143 3518 est.
1188 3456 1290 3523 Cuius

332 3556 381 3618 rei
409 3571 506 3638 quum
534 3547 643 3610 variae
669 3565 800 3609 cerussae
828 3544 937 3608 efferri
969 3551 1110 3631 possint,
1144 3558 1293 3620 maxime

333 3665 438 3714 tamen
461 3646 540 3710 duas
564 3640 700 3705 valuisse
723 3639 925 3705 crediderim:
956 3665 1087 3728 querum
1114 3647 1218 3715 altera
1240 3665 1294 3717 est

331 3750 366 3812 in
386 3740 562 3828 argumenti
582 3737 723 3813 ratione,
749 3735 848 3801 altera
876 3738 911 3801 in
939 3739 1063 3806 dicendi
1084 3765 1205 3829 genere
1228 3771 1292 3833 po-

330 3845 402 3907 sita.
441 3837 523 3904 Nam
541 3853 643 3923 peque
661 3853 768 3900 renuo
787 3853 860 3898 eum
877 3833 1051 3916 delectam,
1067 3840 1103 3905 in
1123 3863 1186 3930 quo
1208 3865 1291 3931 pos·
