2838 4808
734 273 943 338 ..30-

368 443 504 528 positum
526 435 611 504 haud
637 437 731 504 facile
760 440 801 506 od
830 440 1023 527 posteritatis
1046 441 1251 504 memoriam
1282 441 1345 506 ad·

368 541 483 624 spirat:
516 535 717 624 quamobrem
749 535 949 624 Theopompi
984 559 1107 623 quoque
1140 541 1344 616 orationes,

367 637 508 722 quamvis
528 647 658 700 numero
680 632 763 700 haud
783 657 920 721 paucae,
937 633 1172 698 interciderunt.

448 729 522 796 Non
543 731 770 816 praetereunda
797 744 846 794 est
871 729 932 795 hoc
957 732 1029 796 loco
1056 733 1135 794 scita
1160 730 1340 796 observa-

366 830 411 891 tio
435 827 617 893 Ruhnkenii
641 828 743 911 (Hist
766 825 843 890 Crit.
868 849 900 911 p.
923 827 1031 910 tta),
1057 827 1238 916 plerosque
1259 829 1336 894 Iso·

366 925 460 988 eratis
480 924 649 1014 discipulos
675 925 715 987 ad
736 923 899 986 historiam
920 923 1116 988 scribendam
1139 947 1176 989 se
1202 941 1334 992 contn-

364 1019 455 1085 lisse:
482 1024 517 1086 in
543 1047 604 1111 qua
628 1033 741 1107 regnat
767 1041 865 1085 suove
892 1020 969 1085 illud
994 1041 1095 1106 genus
1122 1035 1154 1084 et
1181 1028 1330 1088 concin-

364 1137 457 1195 num,
484 1121 674 1184 narrationis
701 1130 828 1194 tenore,
856 1131 1012 1204 tamquam
1032 1117 1192 1203 pellucido
1219 1124 1329 1198 arnni,

363 1229 474 1301 sponte
501 1217 603 1280 fluens
631 1238 690 1279 nec
716 1237 847 1301 usquam
872 1215 1117 1292 adhaerescens,
1147 1219 1243 1300 qnod
1277 1218 1325 1282 illi

363 1335 406 1375 ex
430 1311 579 1377 Isocratis
612 1313 776 1398 disciplina
805 1313 988 1377 retuderunt.
1043 1312 1148 1398 Atque
1174 1313 1323 1400 Ephoro

362 1410 486 1496 quidem
506 1423 538 1474 et
560 1408 785 1495 Theopompo,
799 1446 801 1455 ·
813 1423 848 1472 ut
864 1431 959 1495 supra
980 1408 1133 1486 diximus,
1162 1413 1240 1497 ipse
1260 1415 1321 1476 de·

361 1509 499 1591 signavit
513 1507 668 1571 Isocrates
690 1518 874 1592 argumenta
894 1527 973 1592 quae
992 1517 1175 1569 tractarent.
1213 1506 1318 1574 Nunc

360 1602 420 1667 hoc
438 1606 628 1667 monendum
649 1617 713 1679 est,
740 1601 980 1689 Theopompum
1007 1613 1039 1664 et
1062 1615 1186 1667 mature
1206 1605 1312 1670 histo·

358 1702 438 1763 riam
464 1700 601 1764 scribere
630 1693 812 1784 aggressum
838 1719 926 1775 esse,
955 1719 1056 1784 neque
1084 1697 1140 1762 ulli
1167 1707 1307 1788 sumptui
1360 1763 1362 1768 .

359 1809 414 1859 aut
434 1796 537 1860 labori
554 1798 750 1882 pepercisse,
775 1810 814 1859 -ut
831 1809 863 1860 et
885 1817 990 1860 rerum
1016 1793 1098 1858 fides
1122 1818 1160 1860 ac
1185 1803 1301 1863 veritos
1399 1812 1400 1835 ¹

359 1904 534 1971 constaret,
563 1907 665 1977 neque
683 1896 834 1956 orationis
864 1890 1022 1977 elegantia
1051 1906 1083 1956 et
1099 1893 1235 1959 iucunda
1251 1895 1294 1958 lc·

357 1988 504 2074 gentihus
531 1992 718 2076 argumenti*
734 1993 870 2053 varietas
903 1989 1142 2054 desideraretur.
1192 1994 1291 2080 Itaque
1398 1994 1400 2059 l

356 2107 398 2151 ne
419 2091 579 2154 nescirent
597 2086 748 2162 lectores,
767 2085 967 2174 (quamquam
988 2109 1081 2151 nemo
1102 2093 1220 2173 pomit,
1242 2083 1300 2175 'qui

355 2186 406 2249 vel
432 2185 538 2249 obiter
559 2175 672 2249 librum
697 2185 905 2266 inspexisset,
931 2185 1099 2268 ignorare)
1122 2187 1189 2266 ipse
1215 2187 1295 2246 sori-
1398 2194 1401 2271 1

354 2294 443 2365 ptum
461 2281 596 2366 reliquit,
618 2281 645 2360 ¹)
666 2300 761 2363 seque
787 2299 851 2342 non
873 2279 974 2343 solnm
991 2300 1119 2366 magnas
1137 2281 1170 2342 in
1188 2279 1293 2342 omnis
1333 2325 1335 2328 .

355 2378 482 2462 generis
509 2388 690 2461 apparatum
714 2377 872 2458 impensas
898 2376 1031 2452 fecisse,
1067 2397 1171 2440 verum
1196 2377 1293 2439 etiarn
1398 2380 1400 2479 l

353 2471 451 2537 multa
467 2474 570 2558 ipsum
594 2471 710 2534 vidisse
729 2481 822 2554 atque
844 2491 914 2534 cum
933 2473 993 2548 iis,
1016 2477 1069 2559 qui
1096 2487 1161 2538 tum
1177 2475 1294 2559 princi·

351 2591 425 2657 pem
445 2573 478 2633 in
499 2568 676 2633 civitatibus
702 2567 807 2630 locum
828 2565 1022 2647 obtinerent,
1044 2584 1077 2634 et
1099 2573 1293 2656 imperatori·

351 2667 412 2732 hus
438 2678 469 2729 et
493 2663 668 2728 oratoribus
684 2677 725 2727 >et
752 2663 947 2750 philosophis
981 2665 1193 2753 colloquutum
1224 2689 1292 2732 esse

352 2765 443 2827 dixit.
482 2760 668 2825 Alexandro
698 2773 808 2824 notum
839 2773 1060 2848 acceptumque
1080 2762 1180 2828 fuisse
1201 2787 1293 2850 supra

351 2861 500 2926 vidimus:
522 2877 583 2944 ego
605 2856 698 2920 oredo
718 2859 812 2920 etiam
838 2855 1004 2944 Philippo,
1029 2880 1121 2946 quem
1147 2865 1291 2927 encomio

416 3179 523 3245 ι)Ησσ
539 3179 679 3250 colligitur
695 3196 730 3234 ex
749 3180 865 3250 Dionys.
884 3180 972 3250 Epist
995 3180 1030 3233 ad
1051 3181 1147 3253 Pomp.
1166 3184 1229 3241 Vol.
1245 3189 1293 3244 Vi.

346 3259 456 3336 pret
473 3257 623 3358 ὁῇλσςγσῐς
641 3263 718 3324 ἐστιν,
743 3256 773 3315 ri
795 3281 855 3316 και
845 3259 983 3331 μηδὲν
1007 3259 1149 3334 ἔγραψε,
1167 3267 1294 3338 alricum

344 3347 395 3420 pir
407 3336 579 3441 apparuerim
592 3338 629 3405 εἰς
646 3343 730 3396 ruico
743 3340 997 3417 παρεσκευασμένος,
1011 3341 1136 3410 μεγίστας
1153 3342 1183 3399 di
1198 3344 1293 3403 daud-

345 3447 394 3490 νας
413 3421 449 3487 εἶς
472 3419 531 3489 τὴν
536 3420 692 3494 συναγωγὴν
708 3419 792 3479 αὐτῶν
807 3418 942 3486 τετελεκώς
966 3431 1018 3478 etc.
1054 3426 1109 3478 Cll.
1125 3426 1222 3480 Athen.
1241 3429 1292 3485 111.

344 3525 373 3580 p.
391 3506 436 3560 85.
454 3508 485 3559 Δ.
507 3530 542 3543 -
563 3501 729 3574 θεοπόμπσσ
752 3524 801 3559 rou
789 3503 899 3567 ’Χλου,
926 3499 1025 3575 ανόρὸς
1045 3504 1216 3576 φιλαλήθους
1240 3509 1293 3566 καὶ

341 3583 427 3645 πολλὰ
453 3581 581 3658 χρήματα
607 3581 843 3647 κάτανσλῶσσπσς
873 3579 910 3647 εἰς
933 3581 979 3656 τὴν
1007 3583 1135 3662 περὶτῆς
1165 3587 1293 3664 λσσσρλας

342 3670 458 3738 ream
479 3660 587 3742 ἀκριβῆ·
