2872 4804
729 353 936 418 ...52-

362 513 490 602 cydides
507 519 613 580 exorti
633 529 723 596 sunt3
748 540 881 606 quorum
899 523 980 590 alter
1000 538 1141 594 veterem
1161 530 1353 620 logogra·

362 614 496 701 phorum
516 615 776 680 consuetudinem
789 621 978 701 emendavit,
995 627 1041 688 sic
1059 638 1095 688 ut
1112 627 1264 714 plurimis
1298 636 1349 698 in

359 701 501 796 partibus
520 713 651 797 egregie
669 710 811 780 historici
835 717 976 784 officium
993 733 1144 803 tueretur,
1169 728 1204 789 in
1232 748 1348 796 uon-

304 849 309 860 ·
362 806 456 872 nullis
479 829 599 887 eorum,
614 831 636 874 a
655 808 769 896 quibus
783 827 869 878 esset
886 817 1057 901 profectus,
1075 813 1344 892 similitudinem

362 905 518 992 quandam
529 904 740 998 relinquerem
761 907 840 972 alter
859 927 878 973 e
898 911 970 977 foro
988 926 1082 1002 utque
1101 921 1240 984 emedia
1265 947 1342 988 re-

359 999 486 1087 publica
507 1015 539 1065 et
559 1005 691 1069 maximi
707 1001 784 1069 belli
803 1009 937 1094 strepitu
955 1011 996 1074 ad
1005 1010 1168 1080 historiam
1183 1038 1220 1081 re
1234 1041 1339 1084 con-

360 1097 441 1178 tulit,
467 1121 599 1186 eamque
620 1098 660 1164 ab
680 1101 779 1164 animi
802 1100 1013 1171 oblectatione
1040 1109 1208 1180 adrerum
1226 1121 1336 1183 veri.
1426 1173 1427 1184 ,

359 1206 457 1260 tatem
480 1197 654 1261 traductam
684 1195 789 1284 ampla
815 1211 910 1286 atque
939 1201 1023 1268 elala
1053 1225 1133 1274 voce
1160 1223 1333 1300 tauquam

360 1291 395 1354 in
418 1294 571 1356 concione
596 1292 686 1380 loqui
705 1293 823 1358 docuit.
864 1296 908 1360 Et
930 1296 984 1362 hic
1008 1302 1134 1386 quidem
1152 1327 1197 1371 ex
1216 1309 1327 1376 Anti·
1426 1323 1427 1346 ³

358 1387 487 1476 phontis
505 1388 693 1454 Rharnuusii
718 1390 884 1478 disciplina
910 1410 1052 1475 venerat,
1082 1404 1136 1487 qui
1163 1425 1230 1469 nou
1256 1429 1325 1474 so.

357 1486 422 1552 lum
443 1488 513 1573 ipse
524 1487 684 1551 orationes
699 1486 775 1551 fecit
784 1493 899 1573 graves
911 1513 949 1556 ac
968 1495 1124 1580 copiosas,
1146 1503 1326 1573 sedetiam
1426 1527 1427 1536 ³

357 1597 459 1648 artem
487 1583 612 1648 dicendi
638 1584 705 1649 fere
738 1587 858 1671 primus
886 1585 1022 1654 Athenis
1052 1595 1215 1679 professus
1249 1619 1320 1669 est.
1426 1589 1427 1654 l

357 1676 431 1756 Quo
451 1679 575 1772 quidem
588 1682 623 1744 ln
632 1700 751 1766 genere
764 1685 945 1768 superiores
957 1708 1068 1754 omnes
1079 1692 1125 1756 sic
1134 1697 1211 1758 vicit
1226 1696 1316 1763 Gor-

355 1780 430 1862 giae
450 1776 535 1840 illius
555 1778 676 1863 antiqui
691 1777 861 1864 discipulus
877 1779 1045 1863 Isocrates,
1064 1800 1110 1866 ut,
1131 1789 1243 1875 quibus
1262 1813 1309 1858 ex

356 1872 451 1938 rebus
473 1873 651 1936 efficeretur
664 1885 780 1951 orator,
801 1877 919 1962 optime
936 1892 968 1942 et
974 1887 1151 1971 praeceptis
1162 1909 1305 1973 compre·

353 1969 506 2035 hendisse
521 1982 553 2032 et
573 1967 720 2056 exemplo
733 1969 965 2038 demonstrasse
986 1979 1156 2044 videretur:
1175 1984 1224 2045 cui
1237 1987 1300 2047 nisi

356 2068 492 2132 lorensis
513 2068 699 2130 exercitatio
717 2065 880 2146 defuisset,
896 2073 1069 2155 perfectum
1091 2091 1244 2144 oratorem
1255 2080 1303 2144 di-

354 2185 454 2229 ceres.
497 2161 563 2227 Sed
587 2184 607 2227 a
628 2163 782 2228 concione
803 2177 836 2226 et
859 2166 985 2232 iudiciis
1008 2192 1102 2258 quum
1124 2199 1196 2243 eum
1216 2180 1308 2242 vocis

353 2259 520 2325 infirmitas
550 2259 725 2346 etquidem
751 2259 853 2344 pudor
879 2267 1082 2346 removisset,
1115 2271 1244 2336 mollem
1269 2277 1308 2337 in
1426 2285 1427 2352 l

353 2353 465 2420 umbra
497 2369 592 2442 atque
618 2355 815 2441 splendidam
842 2361 1018 2429 orationem
1039 2365 1192 2445 educavit,
1220 2389 1308 2454 quae

353 2449 534 2528 delectaret,
566 2449 624 2513 sed
645 2449 685 2512 ad
706 2450 820 2515 civiles
836 2463 1066 2528 controversias
1084 2463 1190 2526 miuus
1208 2463 1309 2530 robo-

353 2550 401 2612 ris
415 2546 557 2612 haberet.
598 2545 651 2611 Ab
672 2544 734 2610 hoc
757 2548 1183 2642 doctusnTlreopompussic
1206 2565 1307 2651 scrip-

353 2646 395 2708 sit
429 2643 611 2719 Ιιίεῑοιίωη,
643 2655 679 2704 nt
714 2657 874 2724 oratorem
904 2649 957 2714 vel
989 2656 1096 2737 potius
1129 2654 1307 2742 sophistam

352 2761 553 2826 agnosceres.
1083 2759 1086 2765 '
1303 2833 1307 2844 Ι

433 2835 482 2904 Ac
514 2854 617 2921 genus
646 2833 771 2898 dicendi
796 2833 991 2906 Isocrateum
1019 2846 1053 2908 in
1080 2849 1150 2912 eius
1176 2851 1306 2936 scriptis

350 2931 543 3019 deprehendi
561 2943 649 2994 tanto
669 2943 811 2996 veterum
831 2932 1019 3004 Criticorum
1046 2963 1205 3010 consensu
1227 2971 1305 3013 con·

348 3025 423 3106 stat,
441 3042 475 3094 ut
487 3029 621 3105 mireris,
643 3026 720 3113 quid
731 3026 826 3092 Petro
846 3052 910 3094 van
921 3031 1028 3121 Spaan
1046 3041 1080 3101 in
1095 3055 1235 3106 mentem
1247 3066 1304 3108 ve-

349 3127 442 3203 nerit,
462 3147 559 3212 quum
570 3122 650 3188 haec
668 3121 821 3188 scriberet
841 3124 989 3209 (Dissert.
1003 3131 1042 3195 de
1054 3133 1184 3225 Antiph.
1206 3136 1301 3204 Tom.

347 3217 419 3284 VII.
437 3242 469 3304 p.
482 3220 554 3286 806.
567 3217 690 3301 Reisk.)
730 3216 907 3295 „Isocrates
922 3222 1164 3318 Theopompum
1177 3235 1219 3298 ad
1234 3235 1302 3300 elo-

346 3316 506 3400 quentiam
522 3315 686 3391 formauit,
716 3311 965 3384 Demosthenem
989 3320 1109 3392 Isaeus.
1153 3333 1200 3394 At
1229 3333 1299 3418 quis

345 3408 587 3498 Theopompum
608 3412 751 3475 oratione
766 3413 900 3478 similem
913 3415 997 3480 dieat
1010 3417 1142 3487 Isocrati
1161 3440 1218 3489 aut
1231 3425 1294 3490 De·

234 3513 237 3518 '
342 3507 542 3570 mosthenem
558 3504 692 3570 Isaeol”
732 3507 786 3571 De
806 3506 1023 3578 Demosthene
1051 3540 1134 3583 nunc
1160 3541 1228 3586 non
1252 3523 1298 3586 di·

341 3613 444 3687 sputo.
489 3600 692 3688 Theopompi
711 3607 814 3668 oratio
834 3605 935 3691 qualis
956 3609 1060 3692 fuerit,
1089 3619 1228 3702 optimus
1250 3633 1300 3682 tn·

340 3697 419 3762 lium
431 3697 654 3776 rerumiudex‚
666 3695 855 3784 Dionysius,
870 3701 997 3770 doceat:
1015 3706 1091 3775 Vel.
1106 3709 1164 3774 VI.
1175 3734 1208 3798 p.
1222 3713 1299 3783 786.

335 3790 373 3857 ‘0
386 3790 562 3868 detestande
574 3789 774 3879 (Θεοπόμπου
787 3797 966 3900 χαρακτὴρ)
984 3801 1148 3892 Ἰσοκράτει
1159 3806 1298 3890 μάλιστα
