2838 4808
521 339 730 404 ...23-

47 500 156 564 mole
185 499 299 566 belli
331 518 586 592 oppugnatum,
607 527 648 572 ne
669 507 748 574 clem
769 510 940 574 adiuvaret.
960 508 987 593 Ι)
1029 507 1098 576 Hu-

52 601 118 662 ius
144 599 307 664 domus
351 623 458 687 quum
487 614 664 668 ceterarum
692 627 796 670 rerum
820 609 919 694 copiis
943 619 1027 671 esset
1047 629 1098 672 or·

54 696 309 770 uastissima,
361 711 432 762 tum
460 698 544 761 haud
573 702 725 784 exiguum
751 699 861 766 habuit
885 715 918 766 et
943 704 1039 768 decus
1067 716 1099 768 et

59 793 327 878 praesidium
358 815 565 858 numerosam
587 800 771 882 progeniem
793 798 973 863 liberorum.
1015 796 1098 864 'l'res

66 893 185 954 euim
218 892 389 955 fuerunt
416 890 494 968 tilii,
526 887 709 968 Mausolus,
736 891 875 970 Idriens,
902 895 1096 970 Pixodarus;

74 987 186 1052 filiae
219 989 360 1064 ditae,
384 989 555 1051 Artemisia
581 1001 618 1050 et*
639 988 721 1052 Ada.
776 985 839 1060 Qut
875 1009 983 1054 omnes
1009 995 1095 1058 dein·

78 1107 172 1170 ceps
198 1077 475 1168 regnaverunt,
505 1095 540 1144 ut
571 1103 645 1145 vere
675 1087 845 1147 Artemisia
868 1085 907 1148 de
933 1107 968 1149 se
988 1097 1097 1173 posset

78 1183 349 1266 praedicare,
369 1175 452 1264 qnod
472 1176 668 1253 Archedice,
688 1177 825 1266 Hippiae
844 1177 920 1258 lilia,
941 1182 971 1266 ²)

108 1315 168 1326 —-
187 1273 341 1358 πατρός
359 1297 387 1335 τε
400 1272 451 1334 sol
472 1271 590 1352 ἀνδρὸς,
612 1270 749 1349 ἀδελφῶν
770 1271 803 1336 τ’
818 1267 895 1337 οὖσα
914 1273 1074 1356 τυράννων.

87 1377 260 1440 Illorum
300 1373 476 1434 maximum
506 1383 584 1433 natu
613 1368 808 1448 Mausolum,
844 1375 898 1458 qni
930 1395 991 1459 quo
1018 1387 1096 1437 tem·

90 1493 196 1559 pore
232 1472 334 1558 patri
357 1470 544 1530 successerit
570 1489 634 1532 non
660 1466 775 1552 liquet,
801 1489 934 1552 magnae
956 1483 1095 1556 satrapa·

100 1593 192 1632 rum
216 1565 436 1638 rebellionis,
464 1585 544 1648 quae
569 1562 629 1627 suh
655 1566 776 1626 exitum
796 1567 886 1647 regni
904 1567 1095 1629 Artaxerxis

101 1665 331 1728 Mner'nonis
347 1660 426 1734 fnit,
451 1662 572 1722 socium
594 1673 816 1724 commemorat
837 1659 998 1724 Diodorus
1017 1657 1095 1739 XV,

113 1761 181 1824 90.
211 1781 316 1844 quum
344 1755 468 1841 quidem
488 1777 561 1819 oum
582 1753 705 1819 πολλῶν
730 1753 883 1839 ἐρυμάτων
908 1753 1094 1820 scinditur

112 1851 311 1929 ἀξιολόγων
329 1848 502 1935 κυριεύοντα
525 1853 618 1930 dicit,
647 1845 689 1914 clv
715 1851 814 1915 ἑστίαν
837 1851 888 1914 καὶ
912 1851 1094 1940 μητρόπολιν

113 1952 309 2034 συνέβαινεν
337 1943 413 2010 εἶναι
440 1945 494 2027 τὴν
510 1943 746 2032 Ἁλικαρνασσόν
751 1995 762 2024 ,
786 1949 912 2030 ἔχουσαν
931 1947 1094 2032 ἀκρόπολιν

120 2045 313 2121 ἀξιόλογον
332 2043 385 2106 καὶ
403 2043 443 2106 τὰ
461 2039 516 2116 τῆς
533 2047 651 2126 Καρίας
669 2043 808 2127 βασίλεια.
824 2046 853 2129 ³)
896 2039 1020 2112 Bellum
1039 2069 1092 2110 so·

124 2143 230 2208 ciale
257 2166 277 2205 a
301 2139 452 2216 Rhodiis,
485 2138 590 2218 Chiis,
624 2141 701 2206 Cois
733 2156 765 2206 et
791 2141 953 2224 Byzantiis
978 2155 1092 2207 ¹«eontra

122 2240 359 2304 Athenienses
370 2249 505 2322 gestum,
518 2235 757 2325 Olymp.CV,3.
768 2271 810 2286 -
821 2237 945 2324 Olymp.
954 2235 1039 2315 CVI,
1053 2237 1092 2314 1.,

124 2338 185 2402 illi
210 2335 375 2420 augendae
401 2336 563 2425 potentiae
590 2337 788 2402 occasionem
813 2335 907 2399 dedit
956 2332 1039 2398 Nam
1061 2348 1119 2402 et.

132 2433 278 2498 militem
301 2435 336 2493 in
364 2451 467 2493 arcem
488 2429 684 2496 Rhodiorum
709 2433 851 2509 induxit,
881 2444 913 2494 et
934 2433 1092 2517 optimati-

134 2529 212 2593 bus
241 2526 423 2612 quibusdam
452 2526 491 2588 ad
520 2528 724 2591 avertendum
750 2529 914 2610 imperium
939 2519 1092 2611 populare

140 2645 278 2710 operam
299 2623 461 2707 praestitit.
477 2623 507 2704 4)
547 2622 789 2686 Atheniensium
810 2622 850 2684 ad
869 2642 941 2685 eum
960 2620 1094 2706 legatio·

139 2726 214 2797 nis,
241 2719 326 2783 haud
357 2717 451 2779 dubie
478 2717 571 2781 huius
598 2717 674 2782 belli
700 2732 839 2804 tempore
867 2719 1000 2795 missae,
1024 2737 1092 2782 me·
1129 2709 1135 2738 ⁸

137 2821 236 2882 rninit
256 2799 502 2878 Demosthenes.
520 2817 549 2897 ς)
572 2847 573 2850 ¹
600 2813 652 2878 De
683 2816 791 2879 mortis
825 2835 941 2898 genere
974 2812 1093 2900 aliquid
1213 2819 1217 2824 '

143 2916 302 2999 suspicari
321 2931 489 2997 possumus
510 2933 555 2974 ex
577 2910 705 2978 locust.
721 2910 857 2998 Philipp,
878 2915 906 2989 1.
927 2908 997 2972 103.
1021 2903 1091 2972 tot.

546 3120 570 3128 η·
575 3121 581 3127 -
586 3117 1070 3130 “mmm-...a—

223 3239 249 3300 1)
271 3237 449 3306 Theopompus
469 3236 587 3306 Philipp.
605 3239 667 3293 Lib.
676 3240 736 3292 Xll.
755 3255 799 3307 sp.
817 3235 895 3292 Phot.
906 3238 1090 3294 cclxxvi.

149 3324 266 3374 lecerat
281 3319 379 3388 Paneg.
397 3316 446 3371 43.
475 3319 565 3371 Diod.
576 3319 648 3384 XlV,
662 3319 708 3374 98.
741 3321 802 3384 XV,
818 3322 846 3374 2.
865 3365 866 3368 ,

217 3420 243 3484 ²)
266 3421 387 3488 Thucyd.
406 3421 452 3484 Vl,
473 3419 519 3472 59.
