2838 4808
695 251 904 318 ..24-

335 417 376 486 Τ.
396 418 436 488 ΙΙ.
457 443 488 506 p.
507 417 577 486 111.
595 442 622 486 s.
639 419 743 488 Beki.
783 419 849 486 Καὶ
873 419 930 502 μὴν
955 416 1065 504 Ἱδριέα
1090 439 1121 498 με
1144 416 1241 482 τὸν
1279 416 1347 480 εὖ-

333 516 514 602 πορσὰτατον
537 523 598 582 τῶν
622 523 673 584 νῦν
699 517 768 602 περὶ
787 513 841 596 τὴν
867 517 987 602 ἤπειρον
1011 516 1070 601 (of.
1095 513 1250 581 Morus
1291 517 1344 580 ad

334 613 432 680 Isocr.
450 615 570 701 Puncg.
586 638 618 702 p.
630 616 699 682 100.
722 615 842 703 Spohn.
861 615 902 680 ad
920 616 1013 678 eund.
1030 636 1062 699 p.
1074 613 1171 696 132.)
1201 637 1344 696 προς-

334 706 400 792 ήκει
426 708 644 796 δυσμενέστερον
668 709 740 777 εἶναι
764 721 828 786 τοῖς
856 708 1001 798 βασιλέως
1027 710 1132 794 (regis
1164 710 1341 774 Persa-

334 808 416 892 rum)
437 806 589 890 πράγμασι
610 813 671 872 τῶν
690 805 913 890 πολεμούντων·
939 806 960 890 ἢ
980 801 1100 870 πάντων
1119 803 1156 882 7²
1187 806 1249 869 ἄν
1276 804 1336 884 εἴη

336 900 565 984 σχετλιώτατος,
598 906 624 968 εἰ
648 904 688 986 μὴ
714 902 856 990 βούλοιτο
884 899 1103 968 καταλελύσθαι
1130 899 1334 983 ταύτην

336 999 405 1080 τὴν
425 999 545 1085 ἀρχὴν
565 1001 634 1084 τὴν
657 1001 906 1086 αἰκισαμένην
927 997 991 1084 μὲν
1016 998 1083 1063 τὸν
1102 996 1328 1079 ἀδελφὸν,

337 1093 547 1180 πολεμήσασαν
568 1095 601 1162 δὲ
619 1097 697 1184 πρὸς
713 1099 814 1179 αὐτὸν,
830 1096 950 1163 ἅπαντα
970 1094 1003 1160 δὲ
1023 1096 1077 1161 τὸν
1094 1091 1214 1180 χρόνον
1240 1097 1329 1158 ἔπι-

338 1191 543 1277 βσυλεύουσαν
560 1195 611 1258 καὶ
629 1193 811 1280 βουλομένην
826 1199 885 1258 τού
903 1217 935 1260 τε
958 1191 1096 1276 σώματος
1114 1191 1231 1256 αὐτοῦ
1255 1195 1321 1257 καὶ

338 1297 400 1354 τῶν
420 1287 578 1374 χρημάτων
604 1289 747 1357 ἁπάντων
771 1292 911 1369 γενέσθαι
936 1293 1047 1370 κυρίαν.
1081 1287 1156 1374 ὑπὲρ
1174 1285 1233 1356 ὧν
1256 1291 1320 1355 δε-

341 1383 411 1460 διὼς
428 1393 478 1452 νύν
496 1387 549 1470 μὲν
565 1387 759 1467 ἀναγκάζεται
773 1385 945 1474 θεραπεύειν
966 1385 1060 1452 αύτὸν
1077 1387 1129 1450 κα1
1145 1387 1314 1473 χρήματα

340 1481 442 1548 πολλὰ
461 1483 540 1548 καθ’
561 1487 688 1550 ἕκαστον
706 1485 841 1551 ἐνιαυτὸν
862 1484 1157 1564 decolorasset.
1200 1486 1310 1552 Hinc

342 1581 482 1649 iudicare
501 1584 599 1661 iicet,
634 1585 709 1673 quid
732 1585 858 1648 valeant
882 1583 937 1646 illa
959 1579 1096 1645 Diodori
1116 1579 1215 1661 XVI,
1241 1587 1300 1646 42.

344 1678 457 1764 quihus
488 1679 630 1761 Idrious,
664 1695 699 1746 ut
725 1678 812 1762 φίλος
841 1677 893 1742 καὶ
919 1675 1067 1760 σύμμαχος
1093 1681 1228 1759 Περσῶν
1264 1679 1299 1742 ἰκ

342 1773 500 1857 προγόνων
507 1821 518 1852 ,
547 1779 761 1864 praedicetur.
812 1776 960 1842 Ceterum
996 1774 1109 1840 eodem
1141 1773 1288 1842 Diodore

345 1881 426 1934 teste
434 1871 509 1937 Lib.
519 1871 612 1953 XVI,
624 1873 675 1938 36.
690 1875 870 1940 defunctum
881 1895 952 1938 esse
965 1870 1146 1937 Mausolum
1158 1872 1279 1960 Olymp·

345 1965 431 2046 cvl,
451 1965 481 2034 1.
503 1991 599 2056 supra
614 1975 802 2038 monuimus.
847 1967 919 2047 Quo
946 1981 1086 2055 tempore
1109 1992 1205 2056 quum
1225 1971 1286 2036 Ar·
1330 2011 1336 2020 ·

345 2067 470 2130 teruisia
487 2089 619 2154 regnum
637 2072 837 2156 suscepisset,
861 2065 1094 2131 Demosthenes
1109 2065 1291 2130 Athenien·

345 2181 397 2226 ses
418 2162 560 2230 hortatus
577 2178 640 2241 est,
664 2179 700 2228 ut
718 2164 868 2252 populum
893 2162 1088 2227 Rhodiorum
1104 2163 1135 2224 in
1152 2159 1284 2221 libertu-

345 2269 410 2322 tun
427 2261 636 2322 vindicarent:
657 2262 739 2346 quod
753 2273 819 2324 tum
834 2261 949 2323 factum
962 2279 1043 2337 esse,
1066 2278 1154 2347 quum
1166 2253 1283 2318 Ochus

345 2355 483 2439 priorem
500 2355 535 2416 in
555 2354 734 2442 Aegyptum
751 2357 1003 2442 expeditionem,
1034 2377 1114 2441 quae
1132 2374 1286 2417 successu
1390 2363 1391 2366 ’

347 2453 463 2530 caruit,
483 2453 646 2537 ingressus
665 2465 768 2531 esset,
795 2450 941 2538 (Olyrnp.
961 2450 1061 2530 CVII,
1080 2451 1131 2534 2.)
1153 2471 1195 2513 ex
1212 2451 1285 2536 ipsu

346 2543 572 2614 Demosthenis
602 2551 744 2614 oratione
771 2548 937 2634 colligitur.
961 2547 989 2633 ¹)
1037 2547 1159 2612 Eodem
1190 2567 1286 2635 anno,

346 2641 433 2708 luctu
457 2658 488 2707 et
506 2643 577 2708 tabe
594 2646 751 2726 confecto,
767 2649 980 2710 amentissima
997 2648 1059 2709 riri
1077 2667 1160 2708 uxor
1177 2644 1286 2708 ‹leces-
1390 2683 1391 2692 ι

346 2740 399 2815 sit,
408 2739 438 2824 ²)
453 2761 646 2827 regnumque
665 2741 753 2805 fratri
765 2739 869 2804 Idrieo
888 2741 1023 2829 reliquit.
1059 2741 1143 2805 Huic
1158 2738 1284 2827 Olymp.

348 2833 477 2914 clx.‚·t.
497 2839 665 2914 successit,
687 2859 767 2922 qnae
779 2839 815 2900 ¹ei
836 2849 933 2923 nuptu
947 2839 1066 2915 fuerat,
1086 2840 1189 2902 minor
1210 2851 1286 2902 natu

347 2953 439 2999 soror
456 2932 540 3013 Ata,
555 2933 584 3019 3)
604 2957 697 3022 quum
716 2933 813 2998 frater
833 2933 1010 3000 Pixodarus
1031 2937 1126 2999 eiecit
1145 2937 1287 3022 initaque

418 3244 444 3309 ¹)
463 3243 497 3296 (le
516 3242 668 3298 1110111111.
686 3242 712 3308 ἦ.
731 3239 773 3295 ll.
791 3237 1186 3310 12.Betdcp.103,18.cou.
1204 3241 1282 3296 Diorl.
1390 3235 1391 3244 ’

320 3395 322 3402 ¹
350 3329 423 3394 xvi,
440 3327 487 3382 40.
519 3323 636 3394 Dionys.
655 3323 744 3376 ilalio.
763 3323 851 3391 Epist.
870 3322 905 3373 sd
920 3323 1007 3374 Arum.
1024 3322 1086 3375 Vol.
1103 3324 1149 3380 Vl.
1168 3340 1194 3394 p.
1207 3323 1268 3379 726.
1392 3375 1393 3388 ,

416 3429 442 3494 2)
463 3429 520 3484 cic.
536 3427 619 3480 Tusc
635 3425 713 3493 Disp.
728 3425 776 3487 111,
793 3422 837 3476 31.
869 3422 960 3476 Strub.
975 3423 1046 3477 xlv.
1063 3441 1090 3494 p.
1106 3426 1171 3480 201.
1202 3427 1281 3480 Diod.
1385 3465 1393 3495 ,ι

350 3507 560 3578 xv1‚42.45.
596 3509 679 3562 isocr.
701 3505 769 3560 Phil.
792 3504 818 3571 ᾖ.
836 3500 899 3558 103.
924 3503 986 3561 104.
1023 3505 1102 3562 Plrot.
1123 3508 1190 3563 Lex·
1214 3525 1237 3564 s.
1257 3525 1280 3561 v.
1384 3504 1385 3518 ¹

347 3589 463 3667 Ἰδριιύς·
1386 3622 1387 3636 ¹

419 3693 446 3758 3)
464 3694 544 3748 Diod.
563 3690 634 3746 xvi.
652 3687 704 3744 00.
718 3686 780 3740 soll.
797 3684 883 3749 xvlt.
900 3684 947 3742 24.
1384 3747 1386 3845 Ι
