2872 4804
700 331 1017 428 -68--1

330 499 470 579 rumare,
489 495 643 565 hahemus
668 498 808 566 aohilem
827 498 916 570 illum
935 498 1037 582 μῦθοι
1056 500 1113 562 τοῦ
1132 495 1277 582 Πολῲιιι

331 593 383 657 καὶ
400 597 454 676 τῆς
464 593 597 681 Ὕβρεως
613 599 648 661 lu
667 595 750 662 libro
771 595 863 676 XX„
891 593 926 662 dt
946 593 965 660 ὃ
989 591 1144 670 Φίλιππος
1171 593 1278 680 διεξέρ-

329 712 409 773 χεται
423 689 501 776 πρὸς
518 690 592 768 τοὺς
611 690 840 782 αὐιριιράτορας
858 697 919 758 τῶι
927 688 1111 758 Χαλκιδέων.
1153 689 1277 762 Theou.

329 789 501 874 Progymn.
528 809 561 873 p.
583 790 633 852 11.
680 789 900 878 Sophistamm
921 795 956 857 lu
984 811 1023 856 eo
1049 811 1177 877 quoque
1204 813 1279 866 cou-

329 886 529 950 suetudinem
552 887 692 952 imitatus
719 899 784 966 est,
810 888 896 976 quod
923 885 1046 952 fabulas
1065 908 1164 974 saepe
1182 891 1280 955 iuter-

328 985 451 1069 posuitt
473 1004 535 1069 quo
555 1005 674 1070 genere
689 984 737 1048 illi
755 1007 851 1072 quum
871 985 912 1048 ud
932 986 1031 1050 ιιιιίιιιί
1048 987 1279 1066 remissionem,

329 1092 395 1142 tum
420 1081 454 1142 iu
488 1080 706 1167 exemplorum
741 1083 1039 1149 commemoratione
1069 1080 1279 1150 libentissime

328 1174 506 1241 utebantur.
547 1174 746 1264 Quamquam
773 1175 1000 1263 Theopompus
1028 1180 1063 1243 iu
1083 1176 1275 1246 Graecarum

328 1275 485 1359 originum
505 1276 666 1340 mentione
687 1296 727 1340 ne
747 1278 850 1361 potuit
862 1275 986 1362 quidem
1004 1271 1064 1338 has
1082 1277 1278 1360 ineptias,ri

328 1373 380 1434 cui
396 1373 549 1436 severiori
568 1373 614 1436 ita
640 1372 745 1436 dicere
764 1369 872 1450 libeat,
898 1375 1027 1438 omuino
1054 1369 1228 1452 declinare,
1248 1386 1279 1438 et

328 1467 445 1533 Graeci
464 1470 497 1530 iu
517 1469 559 1533 iis
575 1466 681 1548 rebus,
702 1492 782 1558 quae
796 1482 952 1536 vetustate
971 1492 1009 1536 ac
1028 1469 1185 1533 maiorum
1202 1469 1277 1534 reli-

326 1566 423 1650 gione
443 1579 646 1631 consecratae
659 1579 760 1645 erant,
777 1564 955 1630 maluemut
974 1562 1093 1630 creduli
1113 1586 1209 1651 quam
1231 1579 1279 1632 te-

196 1673 212 1700 ·
326 1683 413 1726 mere
433 1663 735 1747 suspicacesvideri.
768 1661 995 1728 Verumtamen
1007 1664 1165 1727 assentior
1175 1662 1276 1728 Creu·

269 1757 271 1762 ’
326 1781 401 1824 aero
422 1759 521 1845 prael.
544 1759 585 1822 ad
602 1758 720 1845 Ephor.
737 1757 852 1844 pvll.
870 1779 968 1844 seqq.‚
989 1758 1075 1845 quod
1092 1755 1277 1845 Theopom.

324 1860 400 1941 pum
420 1855 518 1919 multa
536 1859 605 1920 eius
622 1857 749 1940 generis
772 1857 814 1920 ad
833 1859 988 1942 originem
1008 1877 1098 1920 suam
1117 1867 1208 1940 utque
1230 1858 1275 1921 ad

325 1955 490 2018 veritatem
510 1973 661 2018 revocare
684 1952 842 2018 studuisse
864 1965 983 2031 censet,
1007 1952 1102 2038 idque
1127 1952 1195 2036 ipse
1219 1953 1270 2014 vi·

325 2051 416 2114 detur
435 2046 662 2134 Theopompus
681 2048 863 2137 siguificare
881 2049 1033 2126 voluisse,
1059 2069 1155 2134 quum
1168 2067 1204 2111 se
1221 2045 1271 2110 ia·

323 2146 414 2212 bulas
427 2169 550 2233 quoque
564 2146 677 2213 melius
694 2169 784 2235 quam
798 2147 1007 2224 Herodotum,
1026 2143 1176 2222 Ctesiam,
1193 2142 1275 2208 Hel·

322 2245 459 2309 lanicum
478 2258 512 2308 et
522 2244 701 2310 Indicorum
717 2248 886 2331 scriptores
896 2254 1094 2308 narraturum
1113 2261 1186 2304 esse
1198 2263 1276 2325 pro-

323 2343 427 2406 iessus
448 2353 507 2404 est.
546 2339 650 2408 Str-ab.
669 2341 696 2419 1,
716 2343 746 2404 2.
737 2365 798 2427 ..p
820 2337 871 2404 43.
890 2338 1012 2424 Casp.
1033 2339 1084 2404 68.
1104 2334 1254 2402 Tauchu.

405 2435 439 2500 A
463 2435 579 2502 sabulis
604 2439 645 2502 ud
664 2435 769 2515 fidem
787 2435 987 2553 Theopompi
1003 2438 1178 2512 veniamus,
1208 2455 1274 2520 qua

323 2536 501 2600 continetur
536 2538 639 2601 omnis
677 2534 828 2599 historiae
860 2538 910 2602 vis
943 2547 1036 2622 atque
1067 2533 1272 2618 praestantia.

323 2629 395 2707 Quo
415 2631 486 2697 loco
506 2630 611 2718 paullo
631 2631 722 2718 plura
744 2633 896 2712 dicentur,
916 2629 1169 2718 quandoquidem
1187 2631 1272 2694 iuiu-

315 2731 370 2791 ria
394 2724 545 2814 quosdam
574 2727 668 2794 huius
694 2731 854 2813 scriptoris
885 2730 1065 2794 auctoritati
1091 2728 1270 2792 detraxisse

321 2822 481 2888 affirmare
501 2845 678 2910 possumus.
715 2824 753 2889 In
773 2824 837 2890 fide
850 2828 948 2914 igitur
964 2823 1107 2890 historici
1127 2823 1267 2888 iudican-

321 2920 445 2986 dahac
472 2921 540 2986 fere
564 2924 680 2986 utimur
704 2927 847 3003 ratione,
875 2934 912 2986 ut
928 2943 1132 3010 quaeramus,
1163 2933 1269 2986 unum

319 3018 374 3084 ille
394 3040 468 3083 vera
488 3019 613 3085 tradere
634 3018 829 3104 velpotucrit
848 3019 900 3086 vol
914 3019 1060 3085 voluerit.
1099 3016 1267 3084 AcTheo-
1357 3069 1363 3084 .

318 3138 452 3232 pompus
472 3118 607 3204 quidem,
630 3119 683 3203 qui
711 3129 743 3182 et
761 3119 901 3205 aequalis
925 3119 986 3184 luit
1009 3137 1119 3182 eorum
1146 3129 1265 3200 tempo·

318 3233 399 3292 rum,
426 3235 558 3300 quorum
582 3213 745 3279 historiam
771 3218 906 3302 scripsit,
931 3229 963 3280 et
984 3200 1154 3281 multorum
1180 3233 1265 3278 surn-

319 3332 442 3376 morum
459 3310 620 3376 homiuum
645 3310 858 3378 familiaritate
883 3335 960 3378 usus
988 3326 1047 3390 est,
1073 3323 1105 3376 et
1130 3331 1266 3396 magnos

318 3409 360 3474 ad
382 3407 607 3494 explorandam
626 3430 730 3473 rerum
743 3411 907 3474 veritatem
926 3422 1067 3493 suruptrrs
1084 3409 1198 3475 fecisse
1216 3408 1266 3472 di·

319 3508 408 3583 citur,
429 3527 522 3570 nemo
541 3504 634 3569 facile
664 3504 793 3583 dubitet,
822 3507 897 3592 quin
919 3519 951 3570 et
971 3506 1119 3571 facultate
1146 3508 1263 3570 instru-
1315 3531 1319 3538 ’

318 3616 386 3669 ctus
406 3604 510 3680 luerit,
530 3623 591 3666 nec
610 3600 771 3670 voluntate
783 3603 943 3668 defecerit.
982 3602 1090 3690 ltaque
1112 3601 1263 3668 ahAthe-

318 3721 399 3765 aueo
420 3699 475 3766 Ill.
493 3725 524 3788 p.
547 3699 600 3765 85.
620 3699 660 3764 Α.
685 3699 763 3782 ἀνὴρ
787 3695 957 3781 adaldung
982 3701 1105 3766 dicitur.
1147 3697 1261 3787 Neque

317 3821 392 3864 reru
411 3800 445 3865 iu
467 3821 544 3864 suae
563 3811 684 3876 tantum
703 3802 815 3882 aetatis
836 3797 930 3868 rebus
955 3797 1096 3879 cavebat,
1125 3821 1163 3864 nc
1185 3799 1259 3884 quid
